2982 5006
747 317 784 372 48

192 488 352 576 Sophoclis
372 488 591 557 auctoritatem
613 505 649 554 eo
669 485 814 565 valuisse,
837 484 1047 570 utlluripides
1069 487 1175 572 postea
1198 486 1337 555 iahnlam

190 610 279 658 mam
299 591 486 656 retractaret
506 591 538 655 et
556 587 793 654 moderatiorem
815 587 990 653 Phaedram
1013 587 1340 676 proponeretl.1ta·

190 709 251 776 que
271 691 396 756 tantum
418 688 515 764 abest,
537 687 574 750 ut
595 703 665 752 cum
686 683 880 750 Welckaro
870 704 904 750 nn
926 685 987 764 irp.
1010 687 1088 752 615:

338 808 435 870 αισχη
455 782 523 869 μέν,
546 808 574 849 ω
597 787 754 902 yesoiasp,
777 773 894 848 ov'd'”
872 805 912 848 αν
933 773 985 862 εἷς
1005 785 1104 871 φύγοι

337 885 469 1004 piperata
489 883 584 964 ποθ’,
607 868 707 970 pisci
728 877 813 961 Ζοος
835 879 1007 1005 ἑφορμηση
1028 877 1126 950 κακά

338 983 456 1066 νόσοις
475 972 546 1050 δ”
524 978 647 1070 ονᾶγκη
667 981 727 1064 τᾶς
748 982 930 1071 θεηλάτους
951 984 1065 1072 φέρειν

189 1090 353 1161 audaciam
379 1088 536 1176 quandam
562 1105 743 1174 agnoscam,
776 1105 855 1173 queo
884 1087 1066 1157 libidinibus
1097 1089 1333 1160 simulationum

188 1191 600 1278 involucracircnmspicist.
624 1194 660 1260 ut
679 1194 805 1260 tantum
825 1190 965 1260 animum
980 1193 1126 1261 devotum
1145 1197 1176 1263 et
1189 1194 1332 1262 sedatum

188 1297 360 1387 significari
381 1296 513 1381 rideam,
534 1293 589 1383 qni
609 1293 693 1364 mala
713 1293 866 1363 diuinitus
887 1295 1028 1364 immissa
1042 1297 1198 1384 patienter
1211 1296 1332 1366 toleret.

189 1401 272 1472 Care
293 1415 331 1469 ns
351 1400 494 1468 altiorem
515 1417 638 1467 moenem
669 1397 717 1466 his
741 1397 842 1466 uerbis
869 1397 1014 1479 subicias.
1047 1419 1117 1468 cnm
1145 1400 1184 1470 de
1214 1400 1331 1471 serendi

187 1507 240 1574 ria
262 1524 301 1573 ac
320 1503 442 1571 ratione
456 1520 493 1569 .τ.
514 1503 535 1566 3
557 1499 634 1567 nihil
660 1498 874 1586 significatum
902 1500 945 1567 sit
976 1501 1028 1578 (oi.
1053 1502 1125 1569 Eur.
1148 1502 1222 1588 llip.
1246 1504 1332 1581 888).

187 1608 303 1678 &dem
335 1606 440 1673 autem
472 1601 643 1688 tranquilla
676 1601 784 1669 iudicii
816 1601 978 1688 aequitate
1008 1603 1157 1674 Deianira
1186 1603 1332 1672 Herculis

186 1729 321 1779 amorem
336 1708 463 1775 excusat
475 1704 582 1790 (Soph.
596 1702 708 1770 Trach.
723 1704 783 1769 441
801 1702 873 1788 sq).
911 1704 959 1770 sd
981 1724 1135 1773 summam
1157 1705 1256 1791 igitur
1277 1726 1332 1772 ne·

186 1831 262 1900 garo
287 1808 389 1877 ausim
414 1805 594 1890 Sophoclem
620 1805 719 1889 ipsam
743 1802 864 1870 foedam
896 1806 1012 1871 amoris
1044 1807 1263 1874 confessionem
1297 1805 1330 1872 in

185 1929 330 1979 smenam
350 1907 520 1974 admisisse.
553 1905 615 1972 Hic
635 1905 739 1988 potius
761 1907 870 1971 auctor
891 1907 968 1984 erat,
990 1925 1082 1991 quem
1099 1907 1260 1991 Euripides
1281 1907 1330 1975 ia·

185 2013 292 2082 hulam
314 2010 487 2076 retractans
508 2004 595 2092 sequi
614 2006 728 2090 posset,
759 2003 833 2072 licet
854 2003 886 2072 in
915 2005 986 2073 aliis
1016 2007 1107 2074 rebus
1131 2006 1262 2073 invicem
1289 2004 1329 2072 ad

184 2114 318 2201 priorem
339 2108 454 2177 aemuli
468 2108 606 2176 lahulam
628 2125 661 2175 se
674 2106 874 2192 applicuerim
896 2127 967 2174 nam
980 2107 1129 2175 Theseum
1146 2108 1328 2193 Sophoclem

185 2234 308 2302 quoque
334 2213 375 2280 ab
400 2211 507 2278 inieris
535 2209 713 2277 redeuntem
735 2209 858 2276 tinxisse
885 2209 944 2294 inp.
967 2210 1030 2276 620
1057 2211 1177 2294 prohat,
1210 2211 1246 2276 ut
1267 2209 1328 2276 Leo

184 2312 441 2383 demonstravitt.
477 2310 594 2376 Theseo
615 2309 714 2375 hlium
738 2309 918 2375 criminanti
940 2309 1054 2392 siquis
1075 2327 1146 2375 cum
1168 2308 1328 2375 Welolrero
1435 2327 1439 2334 ·

184 2416 244 2500 ng.
266 2416 328 2483 618
347 2411 502 2492 tribuerit,
525 2429 585 2478 non
602 2426 725 2495 prorsus
740 2408 892 2495 refragerc
915 2409 1076 2496 eidemque
1096 2409 1252 2495 assignari
1273 2429 1328 2494 po·

183 2516 246 2580 test
267 2513 327 2596 ing.
348 2514 408 2578 inc.
427 2512 498 2577 810.
533 2510 673 2594 Reliquis
694 2512 799 2575 autern
821 2509 1007 2592 fragmentis
1028 2509 1067 2575 ad
1090 2509 1179 2576 iilum
1202 2510 1328 2577 fabulae

182 2611 400 2698 pertenondnm
421 2609 510 2679 aborti
530 2608 629 2694 poetis
651 2608 753 2687 liceat,
775 2607 876 2674 critici
897 2607 948 2675 hic
969 2608 1151 2675 consistent.

282 2712 367 2778 Hinc
387 2713 532 2779 converto
553 2730 602 2778 me
620 2709 660 2777 ad
675 2710 781 2778 breues
796 2711 921 2776 nostrae
935 2709 1060 2777 tabulae
1075 2710 1326 2778 narratiunculas

180 2912 332 2999 clepiades
346 2914 461 2991 autem,
483 2912 536 2997 qni
552 2929 646 2979 causa
660 2911 821 2997 incognite
836 2911 928 2978 modo
948 2912 1114 2978 damnatus
1134 2914 1189 2992 oet,
1212 2931 1324 2996 agmen

146 3015 149 3024 “
179 3015 285 3096 ducat,
306 3032 345 3080 ne
365 3013 499 3097 amplius
514 3013 631 3081 rnalum
646 3012 768 3080 excitet.
807 3011 866 3079 llle
880 3011 980 3097 igitur
994 3012 1032 3078 de
1047 3012 1206 3080 Phaedrae
1220 3032 1325 3080 amore

180 3116 264 3183 11οῆ
287 3113 414 3199 Φαίδρα
426 3112 463 3179 δὲ
484 3112 647 3197 ἐρωτικῶς
659 3112 854 3178 διατεθεῖσα
866 3113 926 3176 τοῦ
938 3111 1147 3191 Ἱππολύτου,
1167 3111 1325 3200 σφοδρῶς

179 3212 233 3282 iu*
254 3207 348 3303 edepl
362 3214 518 3302 τηκομένη
539 3208 577 3280 τὸ
599 3211 659 3298 μὲν
680 3215 815 3297 πρῶτον
835 3205 927 3298 ἱερὸν
946 3201 1146 3300 Ἀφροδίτης
1167 3208 1322 3300 louei-

10 3357 15 3364 ·
58 3351 61 3356 ·
134 3374 135 3378 ,
179 3339 249 3396 τοις
275 3309 429 3400 ἱδρῦοατο
455 3309 494 3380 τὸ
523 3313 580 3380 νῦν
602 3308 829 3380 Ἰππολίτετον
855 3306 1072 3396 καλούμενον,
1111 3333 1191 3399 quae
1220 3314 1323 3381 minus

280 3477 290 3510 ¹
308 3475 477 3547 Sophocleae
499 3474 611 3531 inhalas
634 3463 801 3532 memoriam
821 3474 878 3530 iarn
903 3479 965 3529 tum
987 3473 1072 3547 vulgo
1099 3475 1210 3545 quidem
1239 3475 1322 3530 enlin·

82 3545 83 3548 Ἴ
177 3567 298 3620 tcratam
315 3564 400 3621 luisse
418 3581 474 3620 non
491 3573 572 3636 nego.
608 3567 648 3620 st
666 3565 762 3636 agitur
780 3564 815 3620 de
838 3563 943 3620 comico
967 3563 1030 3618 viro
1051 3562 1258 3634 quodammodo
1275 3563 1322 3619 lit·

177 3658 279 3709 terato.
300 3681 331 3694 -
351 3650 481 3708 Wclclser
498 3659 592 3712 autem
611 3657 646 3724 (p.
658 3655 711 3708 748
722 3653 776 3724 sq.)
793 3669 923 3724 perversa
940 3652 981 3708 ita
999 3658 1223 3724 argumentatur,
1241 3651 1322 3722 quasi

177 3739 322 3812 Sophoclis
340 3746 473 3812 proterva
492 3741 732 3813 immoderateque
744 3741 872 3798 Phaedra
889 3740 999 3815 fulgore
1011 3741 1150 3798 claritatis
1161 3759 1227 3798 auae
1238 3740 1321 3797 Euri·

176 3829 252 3901 pidia
268 3828 392 3900 priorem
404 3827 559 3886 Phaedram
577 3830 719 3886 oblivione
731 3829 800 3886 adeo
818 3829 954 3899 obruerit,
973 3835 1006 3885 nt
1018 3829 1066 3886 ille
1077 3829 1135 3886 iam
1146 3829 1320 3886 moderatam

176 3916 340 3988 animosque
357 3916 537 3973 mantione
554 3924 712 3974 morantem
732 3917 888 3974 Phaedram
908 3917 1035 3990 lingeret.
1350 3909 1353 3914 ’

276 4005 339 4061 ²11.
357 4005 376 4060 l.
395 4022 423 4077 p.
443 4005 768 4076 transiliissem
786 4005 881 4062 llerm.
900 4004 951 4060 XV
968 4023 997 4076 p.
1017 4007 1069 4062 188
1087 4006 1139 4077 (8).

277 4089 290 4124 ⁸
306 4091 395 4148 Schcl.
421 4091 502 4148 Hom.
526 4094 631 4148 Ltil.
672 4092 775 4148 hliiller
793 4092 824 4148 i'.
842 4093 877 4147 11.
896 4093 928 4148 G.
948 4093 987 4146 111
1015 4108 1045 4162 p.
1064 4095 1125 4147 808.
1167 4093 1319 4150 Brevitatis

174 4196 259 4236 caan
274 4179 448 4252 Asclepiadis
466 4196 567 4237 nomen
584 4181 702 4243 retineo.
731 4196 892 4251 quanquam
909 4178 967 4236 soie
995 4179 1039 4235 his
1066 4180 1319 4252 subscriptionibus

172 4267 280 4324 nullam
298 4267 384 4325 tidem
404 4267 562 4325 moenem
585 4285 657 4340 serap
685 4266 722 4325 oi.
740 4267 881 4325 &inserts
900 4268 936 4324 de
954 4267 1041 4324 schol.
1059 4267 1140 4323 idom.
1159 4285 1187 4338 p.
1206 4271 1258 4322 llo
1277 4285 1318 4340 aq.

173 4358 288 4428 “ha
