2974 5030
771 331 822 386 106

223 500 299 587 quoin
327 501 540 568 Alexandrina
566 501 666 586 poesie
689 502 815 569 maximi
836 503 984 569 momenti
1009 503 1111 582 luerit.
1139 503 1368 571 5551551515-

222 602 395 671 hitandum.
431 637 473 652 -·
503 601 629 684 Contra,
665 604 702 670 ut
727 603 766 671 ad
793 603 950 689 Euripidis
978 604 1108 672 Aeolum
1135 603 1269 686 redeam,
1300 603 1368 673 illic

221 805 352 874 sortasse
373 805 406 873 in
431 808 559 892 prologo
580 806 758 892 significato
780 826 845 874 esee
866 807 999 887 videtur,
1022 807 1048 874 si
1066 807 1255 892 Antiphanis
1277 825 1368 893 paro·

220 907 321 994 «11551,
356 927 451 994 quam
473 907 584 977 Nauck
605 907 694 996 (lig.
717 909 811 996 Treg.
832 928 861 993 p.
885 908 925 976 29
947 908 1189 995 5515555551νί1
1210 893 1369 977 indicanti
1421 989 1425 1000 ,
1484 911 1486 918 ’

221 1009 438 1091 Valckenario,
457 1009 491 1078 iu
513 1011 573 1078 hac
592 1030 625 1079 re
645 1009 721 1078 tides
741 1011 882 1080 habenda
905 1011 961 1079 est.

319 1111 380 1180 Sed
402 1113 466 1179 scio
489 1111 563 1193 iore,
586 1130 663 1197 quos
686 1131 792 1181 morae
812 1113 948 1190 taedeat,
969 1112 1043 1180 dum
1066 1112 1104 1180 de
1124 1112 1294 1180 recentiore
1304 1113 1368 1180 tra·

219 1213 331 1298 goedia
352 1213 530 1300 disceptem,
558 1233 651 1299 quam
676 1215 713 1282 ut
734 1214 954 1301 grauissimam
977 1214 1018 1282 ed
1043 1215 1225 1283 excolendus
1246 1213 1369 1282 fabulae
1445 1211 1451 1222 ’

220 1318 391 1384 amatorius
418 1317 547 1385 laudare
576 1320 716 1395 anent¹.
760 1317 880 1401 Negari
903 1310 1012 1403 ne'quit
1032 1317 1257 1385 Alexandrinos
1278 1335 1297 1384 a
1321 1334 1370 1382 re·

220 1419 355 1487 certiore
371 1419 535 1505 tragoedia
555 1419 657 1488 multe
679 1418 856 1497 didicisselr
878 1419 931 1492 sed
953 1421 1170 1506 praeterquam
1193 1418 1276 1505 quod
1299 1419 1371 1486 nul·

218 1521 281 1588 lius
297 1522 476 1607 tragoediae
497 1522 623 1590 tituliue
643 1523 760 1590 mentio
784 1525 893 1605 erotat,
915 1523 947 1590 in
969 1542 1064 1609 quam
1087 1542 1143 1590 noe
1164 1522 1304 1590 animum
1320 1521 1371 1589 in·

219 1623 345 1692 tendere
377 1627 528 1710 oporteat,
561 1623 630 1710 ipsa
662 1624 781 1692 inceste
815 1625 993 1694 iaburlaruur
1027 1626 1175 1693 matoria:
1208 1625 1370 1710 lymphata

219 1724 317 1793 libido
351 1725 587 1811 effemineteque
620 1726 820 1805 debacchata,
858 1747 914 1795 nos
942 1728 1037 1796 semel
1065 1729 1161 1813 atque
1187 1729 1300 1794 iterum
1330 1728 1371 1795 ad

219 1826 502 1894 Alexandrinorum
530 1830 671 1914 tempora
698 1831 835 1896 reuocat.
872 1829 920 1896 De
942 1847 1073 1915 quorum
1096 1827 1266 1914 tragoediis
1288 1827 1371 1914 quod

218 1931 335 1997 scimus
370 1929 571 2015 nostramque
596 1930 808 2015 quaestionem
843 1932 959 2016 tergit,
992 1930 1041 1998 hie
1069 1951 1217 2018 perquam
1241 1930 1371 1998 modicis

220 2032 334 2101 finibus
356 2030 625 2118 circumscriptum
648 2033 712 2100 eet:
745 2031 879 2102 Ouidius
901 2035 1125 2102 commemorat
1146 2032 1283 2118 Scyllam
1305 2034 1371 2100 tre·

218 2170 417 2182 m—

319 2235 330 2269 ¹
348 2235 494 2292 Macareus
516 2234 583 2291 vino
609 2234 765 2291 inebriatus
793 2232 975 2307 (5555155515
993 2255 1059 2292 ποτε
1083 2237 1089 2306 Ι
1114 2236 1191 2292 οἶνον
1209 2229 1372 2308 στρατηγόν)

219 2343 344 2382 sororem
361 2324 509 2396 oppressit,
537 2324 614 2394 quod
631 2324 764 2395 Myrrhae
788 2341 833 2381 me
855 2324 1005 2395 admonet,
1034 2343 1105 2396 quae
1133 2325 1285 2380 seeundum
1305 2343 1372 2381 non·

219 2415 312 2471 nullos
327 2419 457 2472 auctores
476 2431 539 2470 curn
560 2413 640 2469 ebrio
661 2418 742 2484 patre
762 2413 927 2469 concubuitr
945 2417 992 2468 551
1008 2408 1153 2486 μεθύουσα
1172 2415 1371 2486 1555555155

217 2495 587 2575 praestanciorem,
604 2505 636 2555 51
654 2500 828 2572 Nicephorus
846 2502 865 2556 l.
885 2503 903 2556 1.
923 2505 1022 2556 narrat
1039 2501 1088 2571 (ei.
1108 2519 1193 2571 supra
1210 2519 1238 2573 p.
1257 2503 1313 2570 55).
1367 2516 1371 2522 ’

320 2592 332 2625 ¹
350 2589 392 2646 Ci-
410 2589 509 2645 Rohde
527 2591 546 2644 l.
565 2589 583 2645 1.
601 2607 629 2661 p.
647 2591 683 2645 55
700 2607 742 2660 eq.
778 2588 1054 2646 55115515555115.
1072 2607 1101 2660 p.
1113 2589 1166 2643 245
1179 2606 1220 2659 sq.
1257 2588 1372 2660 Dilthey

219 2678 273 2735 lue
291 2679 364 2735 1155.
383 2678 462 2734 XXV
479 2697 507 2749 p.
529 2681 588 2735 155.
611 2681 671 2734 157.
1456 2679 1458 2683 ’

318 2766 331 2800 ⁸
350 2767 404 2836 Qui
423 2767 619 2823 Chaeremouis
638 2765 796 2839 tregrnenta
814 2784 831 2821 5
849 2764 998 2823 Bertsohio
1014 2759 1063 2830 515
1075 2765 1262 2821 Chaeremoue
1274 2764 1371 2835 poeta)

219 2856 362 2913 illustrata
380 2875 503 2928 unquam
515 2857 660 2925 tractauit,
677 2858 739 2924 scit,
752 2875 835 2928 quam
849 2856 1009 2928 propinqua
1022 2855 1189 2927 cognatione
1199 2850 1371 2910 Chaeremon

218 2945 424 3001 Alexandrinos
447 2949 554 3015 poetes,
581 2945 682 3014 quibus
711 2944 759 3000 ille
787 2945 902 2999 minime
932 2944 1045 3014 ignotus
1073 2943 1130 2998 fuit
1158 2942 1256 3011 (51.5.
1284 2960 1313 3012 p.
1333 2941 1371 3010 9),

218 3033 356 3104 attigerit
393 3033 426 3089 lu
448 3033 549 3090 duobis
570 3033 628 3089 illis
647 3033 799 3089 rneioribus
826 3033 1003 3104 fragmentis,
1032 3049 1105 3102 quae
1123 3031 1284 3086 Athenaeus
1304 3029 1371 3083 Xlll

218 3139 247 3192 p.
265 3123 319 3176 555
338 3121 361 3176 Β
380 3120 453 3177 511)
471 3123 595 3177 servavit
612 3121 660 3191 (51.
679 3121 776 3177 Nauck
794 3122 812 3177 l.
831 3122 849 3176 l.
869 3140 896 3193 p.
915 3123 977 3178 506.
997 3121 1071 3191 515).
1098 3136 1193 3175 omnes
1214 3117 1369 3174 formarum

219 3210 397 3265 muliebrium
415 3227 530 3265 veneror
557 3227 590 3266 ao
618 3211 757 3266 lenocinia
784 3209 887 3265 vividis
918 3210 1060 3265 coloribus
1091 3207 1294 3279 depinguntur,
1320 3204 1369 3276 qui
1425 3217 1429 3222 ·

218 3315 308 3370 paene
324 3317 343 3354 5
360 3298 515 3369 pictoribus
533 3298 640 3369 sumpti
657 3298 867 3355 esseuideutur
886 3297 1006 3369 argutiis
1025 3296 1188 3352 facetissimi
1204 3295 1270 3349 salis
1283 3294 1370 3348 inter·

218 3387 312 3443 textis.
349 3387 480 3444 colorum
497 3388 650 3461 pigmentis
669 3388 796 3458 impertit
814 3387 862 3442 1115
880 3386 1002 3442 orationi
1019 3385 1164 3441 iaetioium
1183 3382 1324 3455 quendam
1342 3386 1372 3438 et

219 3476 344 3532 iuoutum
360 3477 547 3548 splendorem,
565 3477 640 3547 quod
659 3476 777 3532 Bartsch
798 3479 836 3546 (p.
849 3478 895 3544 51)
914 3493 948 3531 ex
967 3474 1090 3532 novandi
1110 3472 1203 3528 studio
1223 3471 1266 3526 illi
1284 3470 1372 3526 551511

218 3564 334 3636 proprio
350 3564 533 3636 repetendum
553 3570 725 3620 5555555551
746 3565 850 3619 similia
873 3563 1085 3634 inaequalibus
1103 3561 1244 3632 detegens.
1280 3558 1370 3630 Frag-

132 3724 136 3732 ,
218 3657 315 3708 menta
329 3657 424 3708 551555
442 3653 479 3708 ad
497 3653 604 3723 epicum
623 3652 717 3723 potius
736 3670 821 3723 quarn
839 3651 876 3707 ed
896 3651 1080 3706 deamat-icam
1098 3649 1237 3704 rationem
1263 3663 1369 3704 uocem·
1404 3647 1407 3652 ‘

219 3740 334 3795 modata
350 3744 417 3795 5551
433 3739 479 3809 (51.
498 3741 530 3794 B.
549 3759 577 3811 p.
588 3741 645 3810 55).
674 3741 802 3809 Denique
819 3740 1001 3795 Aristotelem
1020 3738 1086 3793 audi
1107 3737 1189 3792 Rhet.
1206 3735 1256 3802 111,
1277 3737 1319 3789 15.
1338 3736 1368 3788 o:

218 3821 396 3894 ,155ιᾶ155555
416 3823 721 3897 clarummontem,
745 3823 806 3883 οἷον
825 3821 988 3898 Χαιρήμων.
1018 3820 1157 3894 ἀκριβὴς
1174 3821 1237 3894 γὰρ
1257 3817 1370 3890 ὥσπερ
1485 3852 1486 3856 =

219 3908 438 3987 ioyoppdepor
464 3913 511 3984 (ci.
529 3913 660 3971 Weioher
678 3915 697 3970 l.
716 3916 735 3970 1.
753 3933 781 3987 p.
802 3917 871 3971 1555
889 3911 952 3985 sep).
972 3943 1003 3956 ·-
1023 3911 1086 3970 Uno
1110 3911 1237 3982 exemplo
1256 3910 1369 3965 demon·

219 4002 325 4068 strabo,
353 4019 410 4073 quo
431 4002 493 4058 iure
512 4003 686 4060 Chaeremon
706 4003 741 4059 iis
759 4003 923 4060 auctoribus
942 4003 1151 4069 adnumeretur,
1178 3997 1227 4071 qui
1249 3998 1315 4052 inde
1333 3997 1369 4052 ab

218 4089 356 4160 Euripide
373 4090 446 4145 51155
459 4090 530 4146 51155
543 4091 672 4163 vestigiis
684 4091 849 4148 institerint.
873 4091 946 4146 Nam
960 4089 1125 4160 Euripidem
1140 4088 1258 4144 Penthei
1270 4105 1373 4143 nomen

218 4178 379 4234 derivatum
397 4196 415 4232 5
436 4181 543 4238 πένθος
564 4178 744 4257 denotantem
773 4179 1049 4250 (555515561555)
1076 4177 1118 4234 115
1141 4177 1273 4247 deinceps
1295 4175 1369 4232 exci-

218 4265 315 4338 piunt:
345 4265 518 4324 chamenun
535 4266 596 4341 reg.
615 4272 633 4324 4
652 4268 687 4325 N.
723 4267 864 4326 ’11555511
883 4265 985 4340 XXVI,
1012 4269 1056 4324 15.
1091 4264 1211 4340 Oppiae.
1235 4263 1303 4338 (lyn-
1321 4261 1370 4336 1v,

218 4356 281 4412 8⁰⁶.
310 4355 403 4412 11555.
418 4357 535 4431 Dionys·
553 4359 654 4432 XLVI,
673 4363 717 4418 75.
