2974 5030
728 273 762 329 77

174 447 268 515 bulas
281 447 436 533 epitomen
450 445 471 513 i.
483 463 510 512 e.
524 443 688 529 Hippolyti
701 443 921 528 argumentum
936 441 1138 526 resurgimus,
1152 442 1185 510 in
1198 462 1259 529 quo
1270 463 1317 512 res

171 548 218 616 ita
240 550 400 616 narratur:
421 541 609 630 θεασαμένη
631 540 668 610 δὲ
689 537 748 610 τόν
769 540 935 609 νεανίσκον
958 539 1122 630 ηψαίδρα
1135 537 1183 621 εἷς
1196 540 1317 610 ἐπιθυ·
1432 556 1439 564 ’

171 646 250 732 μίαν
263 637 410 716 ὤλισθεν
420 683 469 714 -.
490 644 650 732 στέγουσα
665 643 701 712 δὲ
715 639 774 734 την
788 638 886 712 νόσον
899 639 1005 731 χρόνῳ
1020 639 1107 727 πρός
1120 642 1178 730 τὴν
1190 639 1318 733 τροφόν

171 748 315 837 δηλῶσαι
338 740 538 836 ἠναγκάσθη,
561 744 895 834 κατεντογγειλαμὲνην
915 737 997 837 αὐτῇ
1016 738 1216 833 βοηθήσειν·
1245 739 1317 832 ἥτις

171 846 255 920 κατὰ
276 846 335 943 τὴν
354 848 549 936 προαίρεσιν
572 842 688 936 λόγους
708 843 908 936 προςὴνεγοε
930 848 978 938 τῷ
1001 846 1165 935 νεανίσκῳ.
1188 885 1227 897 -
1256 846 1316 933 Quoi

171 974 233 1022 non
255 954 467 1040 praeiudicata
488 953 631 1038 opinione
653 954 787 1036 tenetur,
808 950 970 1037 intelleget
992 950 1143 1019 Antonini
1158 953 1316 1019 auctorem

172 1058 239 1124 tam
261 1075 362 1142 presse
385 1055 500 1141 tragici
525 1055 658 1140 vestgia
679 1053 791 1138 legere,
823 1054 860 1119 ut
885 1054 980 1122 etiam
1003 1052 1114 1120 Ouidio
1141 1053 1318 1129 anwcsllat.

172 1177 242 1226 curn
265 1158 304 1224 de
325 1157 470 1243 Myrrhae
494 1157 594 1224 morte
618 1155 797 1223 uoluntaria
816 1155 881 1222 iam
902 1155 1084 1222 imminente
1105 1153 1183 1222 nihil
1212 1155 1320 1223 tradat

172 1262 203 1328 et
234 1259 386 1326 nutmcem
419 1257 519 1326 morli
547 1256 717 1325 remedium
750 1256 946 1342 pollicentem
979 1254 1088 1340 fingat.
1129 1255 1189 1324 Sed
1217 1258 1253 1322 ut
1281 1275 1320 1324 no

171 1359 348 1428 levissimus
369 1357 496 1444 quidem
515 1356 679 1442 scrupulus
699 1356 843 1437 resideat,
866 1354 980 1423 nutrici
995 1355 1183 1444 Hippolyten
1197 1376 1319 1440 nomon,

172 1463 210 1530 da
232 1481 293 1548 quo
318 1460 444 1530 aliunde
465 1479 526 1527 non
549 1461 682 1540 constat,
703 1459 838 1526 inditum
858 1461 919 1537 esta
941 1479 1003 1545 qua
1025 1459 1149 1528 fictione
1169 1479 1228 1527 non
1252 1463 1319 1528 tam

173 1565 223 1632 iur
246 1552 387 1650 proditur
409 1582 503 1649 quam
526 1562 646 1630 ninum
669 1562 744 1630 data
771 1582 863 1648 opera
888 1563 1119 1648 pronuntiatur.
1162 1561 1319 1630 Nimirum

173 1665 376 1734 Alexandrini
397 1667 505 1751 poetae
525 1665 654 1732 minime
676 1665 768 1733 veriti
783 1667 857 1732 sunt
871 1665 930 1733 hoc
944 1665 1036 1734 modo
1050 1665 1188 1733 alienum
1203 1659 1318 1733 bouum

171 1768 204 1835 in
226 1786 314 1834 auam
337 1785 402 1833 rem
425 1767 613 1843 murertcre,
645 1765 727 1852 quod
749 1765 876 1851 Dilthey
903 1765 937 1851 (l.
960 1764 982 1834 l.
1005 1786 1033 1852 p.
1059 1767 1117 1834 108
1139 1766 1200 1851 sq.)
1230 1785 1319 1850 prae·

172 1870 257 1937 claro
280 1867 436 1954 (itesyllee
457 1865 582 1936 fabulae
602 1866 740 1952 exemplo
762 1865 998 1948 demonstrarit,
1029 1867 1062 1935 in
1084 1886 1177 1953 qrranr
1201 1868 1319 1937 Nican-

172 1970 227 2036 der
248 1971 337 2050 (Ant.
359 1968 425 2037 hib.
450 1967 482 2054 l)
515 1987 624 2053 parurn
657 1968 816 2054 ingeniose
843 1967 927 2053 pomi
954 1967 1073 2055 Oydont
1100 1968 1270 2038 artiicium
1300 1989 1317 2039 e

173 2070 358 2140 Callimachi
380 2068 519 2156 Cydippe
539 2070 704 2138 tmrrstulit
724 2088 823 2155 neque
843 2069 903 2137 sihi
925 2070 1120 2157 temperavit,
1153 2072 1318 2158 quominus

172 2173 343 2261 cydippen
357 2172 783 2241 ethcontirrmnonrinaret1.
806 2172 990 2258 Saepissime
1004 2172 1086 2241 enim
1099 2175 1257 2242 auctorem
1273 2175 1317 2242 ia·

172 2275 326 2356 hulamue,
348 2295 442 2360 quam
467 2277 675 2358 ruminantur,
698 2277 910 2363 aliquomodo
930 2276 1110 2364 algniiicant
1132 2278 1200 2363 sire
1218 2297 1318 2346 exam·

171 2374 268 2463 piaris
292 2394 398 2443 veruna
418 2378 500 2445 tecte
522 2377 705 2446 denotantes
727 2380 822 2463 atque
844 2378 920 2446 adeo
946 2377 1028 2464 ipsos
1056 2378 1317 2462 intexunteasire

171 2496 317 2561 personas
338 2479 471 2561 sebeniae,
504 2499 598 2565 quam
619 2480 797 2559 imitantur,
829 2481 1071 2566 comparationis
1093 2482 1196 2548 instar
1214 2481 1318 2550 nomi·

171 2579 315 2646 nantoe'.
358 2581 457 2662 Quale
475 2581 615 2648 studium
637 2582 731 2648 etiam
755 2583 860 2648 nostro
882 2583 950 2650 loco
971 2583 1149 2650 innomine
1170 2582 1243 2652 ficto
1264 2583 1317 2650 de·

171 2681 318 2766 prehendi
340 2683 436 2766 patet.
481 2681 634 2764 Ceterum,
657 2683 731 2769 qrria
752 2683 944 2768 ignoramus,
969 2703 1030 2770 qno
1052 2703 1149 2770 usque
1165 2685 1276 2754 auctor
1285 2684 1317 2751 in

170 2782 416 2868 singulisrohus
438 2784 621 2851 exornandis
642 2786 798 2869 tragicum
821 2787 944 2870 poetam
964 2786 1168 2872 descripserit,
1190 2805 1265 2855 cave
1281 2805 1318 2854 ne

171 2884 304 2950 nimium
330 2885 451 2950 tribuas
479 2884 527 2965 iis,
561 2885 673 2970 quihus
700 2886 754 2954 ille
781 2887 813 2954 et
835 2889 925 2971 poete
947 2887 1106 2955 Romnum
1128 2888 1250 2956 differre
1271 2888 1319 2955 vi-

170 2985 293 3052 dentur.
315 2987 427 3070 Itaque
442 2987 554 3068 nescio,
573 3007 613 3054 au
626 2988 739 3055 similis
750 2989 933 3073 exemplaris
948 2989 1063 3071 indicia
1078 2990 1160 3075 apud
1172 2990 1317 3059 Ovidium

170 3087 316 3170 cognosci
333 3087 452 3171 possint
466 3087 498 3154 in
514 3106 559 3165 eo,
582 3089 664 3174 quod
680 3090 786 3156 nutrix
810 3090 935 3158 silentio
950 3092 1047 3176 teget,
1070 3091 1145 3176 quid
1160 3091 1318 3172 moliatur,

55 3183 57 3189 ’
170 3205 232 3270 non
247 3206 321 3254 ausa
345 3189 503 3271 praeterea
524 3188 675 3255 incestum
696 3189 800 3274 palam
819 3186 1020 3274 pronuntiare
1035 3212 1064 3257 ν.
1075 3192 1138 3259 429
1147 3211 1192 3277 sq.
1218 3194 1319 3277 Atque
1357 3229 1361 3235 ·

169 3287 249 3371 quod
275 3289 427 3355 Antonini
455 3289 564 3356 auctor
586 3289 752 3375 Smyrnam
773 3291 876 3358 multa
903 3291 1133 3359 machinantem
1161 3291 1255 3377 tingit
1279 3290 1318 3358 ed

169 3388 460 3470 procrastinandum
488 3409 683 3474 responsum,
716 3389 798 3474 quod
826 3391 943 3474 procris
969 3391 1154 3475 urgentibus
1178 3394 1319 3476 parentes

168 3488 272 3556 daturi
289 3490 362 3569 sint,
385 3509 486 3557 nonno
506 3493 597 3574 poeta
619 3491 779 3556 Romanus
800 3490 929 3558 eandem
951 3491 1156 3575 prolationem
1179 3492 1319 3560 illustrat

177 3667 374 3679 ιιι-...οια-

271 3782 281 3816 ¹
302 3781 381 3839 liano
398 3780 633 3855 significationem
652 3781 689 3838 ad
707 3782 882 3838 Antoninum
905 3782 1089 3840 avocandum
1111 3801 1171 3840 esee
1194 3783 1256 3842 iure
1272 3803 1319 3842 ue·

168 3869 247 3944 gavit
267 3869 367 3927 nonos
385 3871 403 3926 r.
422 3871 440 3926 1.
458 3889 486 3942 p.
505 3873 548 3927 oa.
567 3873 591 3927 s.
807 3929 809 3933 ,
1127 3859 1130 3866 ’

270 3959 281 3992 ¹
299 3957 438 4030 Exempla
465 3959 640 4032 collegerunt
663 3958 763 4015 Rohde
787 3960 805 4016 l.
824 3959 843 4014 l.
888 3958 1004 4036 Dilthey
1023 3960 1041 4015 1.
1057 3959 1076 4014 l.
1101 3959 1148 4030 (of.
1166 3977 1194 4030 p.
1213 3961 1247 4016 73
1265 3961 1319 4032 eq.)
1380 3949 1387 3962 ’

123 4111 126 4116 ¹
167 4043 285 4101 Kuaack
303 4045 323 4102 l.
335 4045 355 4102 l.
374 4064 401 4119 p.
414 4047 463 4117 303
481 4047 584 4118 quihus
598 4047 665 4104 addi
677 4051 795 4119 possqu
806 4046 953 4105 Nonniana
965 4047 1079 4118 Dionys.
1091 4047 1196 4120 XXIII,
1215 4049 1267 4104 771
1276 4068 1318 4121 ιη.

168 4131 282 4203 XXXV,
302 4135 338 4191 28
355 4135 401 4206 (cf.
420 4136 544 4193 Koohler
562 4137 589 4192 d.
609 4135 777 4207 Dionysiaca
796 4136 823 4192 d.
841 4135 958 4192 Nonnun
976 4154 1005 4209 p.
1023 4139 1058 4193 dt
1081 4154 1110 4209 p.
1128 4137 1172 4193 ³1.
1191 4136 1229 4208 3).
1265 4137 1319 4194 De·

168 4222 254 4294 nique
269 4223 325 4281 huo
342 4224 466 4297 pertinet
483 4225 631 4283 Heliodori
649 4225 797 4282 historiola
823 4225 859 4282 de
876 4224 1022 4290 Cnemone.
1050 4227 1080 4282 in
1099 4243 1156 4297 qua
1173 4225 1319 4299 Hippolyti

168 4310 294 4369 iahulunn
311 4312 441 4372 deuouri
459 4332 547 4388 cupra
563 4314 681 4387 exposui
700 4314 739 4387 (p.
758 4317 793 4372 64
811 4320 873 4387 ιη).
