2982 5006
891 342 926 400 18

7 501 10 516 ·
49 477 60 510 ”
118 529 125 538 ·
161 467 175 478 ’
237 555 240 562 -
336 514 480 580 meatum
501 511 539 576 in·
562 511 732 590 affirmant,
755 530 853 596 neque
874 512 1006 596 denique
1029 513 1128 579 ullum
1150 512 1183 579 id
1199 532 1297 598 genus
1311 515 1490 588 remedium

42 1825 82 1897 ..ἐ
197 1843 199 1846 ·
332 1836 393 1884 non
415 1818 507 1885 aliter
529 1818 678 1902 tragicus.
713 1855 754 1867 -
787 1819 892 1902 Atque
913 1819 962 1886 his
982 1819 1059 1886 loeis
1080 1821 1265 1887 examinatis
1285 1839 1346 1886 non
1370 1821 1490 1886 imma-

118 1927 120 1934 ’
331 1920 402 1984 ture
436 1919 542 1986 videor
579 1918 714 1986 remedia
744 1919 879 1987 furorem
906 1919 1047 1987 sedentia
1069 1920 1187 2004 primus
1208 1938 1376 2006 agnoscere
1397 1939 1459 2004 apu

331 2019 531 2104 Propertium
553 2020 595 2098 ΙΙ,
620 2022 648 2086 1.
668 2023 705 2085 51
730 2039 793 2104 sq:

480 2119 541 2188 Seu
564 2121 641 2186 mihi
663 2124 737 2187 errrrt
757 2121 917 2207 tangenda
939 2141 1090 2190 noueroae
1111 2122 1223 2205 poeula
1244 2121 1414 2204 Phaedrae,

529 2222 640 2306 poeula
661 2222 804 2308 privigno
828 2241 889 2288 non
911 2223 1053 2290 nooitura
1074 2241 1140 2308 suo,

479 2341 533 2390 sou
555 2321 633 2390 mihi
653 2321 780 2390 Circaeo
803 2322 1057 2407 pereundum‘est
1072 2323 1224 2409 gramine,
1247 2323 1312 2390 sire
1399 2315 1405 2322 ’

333 616 467 679 exemia:
489 611 642 678 'l'heo'orit
664 611 711 676 Id.
734 611 818 698 XIV,
839 615 891 679 52.
921 613 1043 681 Heliod.
1065 612 1281 697 neon.1V,7.
1319 613 1475 684 Chariton

332 713 471 796 Aphrod.
495 711 547 796 vl,
569 714 599 780 3.
623 713 651 780 7.
686 713 802 780 Tibull.
825 713 867 799 ΙΙ,
888 715 919 781 3.
943 716 982 781 13
1005 733 1050 799 sq.
1078 713 1168 780 Orid.
1192 713 1267 781 Her.
1290 713 1327 796 V,
1352 717 1412 782 149
1434 735 1476 804 sq

332 811 408 878 hiet
424 811 449 890 1,
463 814 527 878 523
542 830 588 897 sq.
610 847 653 862 —
672 813 771 880 Plura
784 817 888 880 autem
900 814 933 880 in
948 813 1084 881 llorrhei
1104 814 1310 898 descriptione
1331 815 1464 883 desideri

332 910 557 978 Chaloomadae
577 911 741 995 flagrantis
764 913 879 994 (Noun.
897 914 1024 997 Dionys.
1039 912 1184 993 XXXIV,
1207 913 1300 997 lsq.)
1322 914 1490 1002 Phaedrae}

332 1011 516 1078 memoriam
537 1011 682 1078 aderunt.
726 1011 807 1078 Nam
830 1013 1002 1092 llonheus,
1026 1030 1115 1096 quem
1140 1015 1231 1097 poeta
1252 1013 1291 1079 de
1313 1013 1411 1080 animi
1430 1015 1490 1081 ino

332 1112 510 1179 oomtautia
524 1132 562 1178 ao
576 1112 702 1178 flexibili
717 1113 877 1179 voluntate
888 1132 991 1180 seeum
1004 1115 1182 1198 querentem
1201 1115 1347 1199 proponit
1361 1133 1390 1180 r.
1402 1115 1422 1180 8
1433 1133 1488 1200 sq.

333 1209 387 1292 (oi.
418 1210 490 1276 llur.
513 1211 588 1296 Hip.
622 1231 652 1279 v.
676 1213 764 1294 183),
800 1213 903 1278 lurore
928 1211 1081 1278 excitatus
1110 1214 1143 1278 et
1168 1213 1405 1299 oiroumvagans
1431 1213 1465 1280 iu

331 1312 514 1396 terpellatno
535 1332 555 1378 a
577 1330 665 1378 servo
687 1313 719 1378 et
741 1311 892 1379 desideria
917 1313 1017 1379 lassus
1039 1313 1121 1400 huno
1143 1314 1292 1398 implorat
1315 1332 1345 1382 v.
1368 1315 1425 1382 72:

303 1412 304 1415 ’
472 1406 607 1492 “Xoana
631 1403 676 1501 prr}
705 1413 842 1500 κρύψῃς,
864 1412 935 1478 τίκα
956 1404 1113 1499 φάρμακα
1134 1411 1269 1479 ποικίλα
1289 1407 1429 1481 πάσσων

482 1509 576 1579 ἔνδον
597 1513 676 1602 ἐμῆς
697 1511 830 1598 κραδίης
848 1507 982 1602 ἰήσομαι
1003 1509 1098 1594 ἕλκος
1116 1508 1275 1597 Ἐρώτων.

330 1614 429 1682 Poeta
459 1616 564 1700 epious
599 1615 734 1682 remedia
765 1617 802 1680 ut
828 1635 947 1682 merum
970 1617 1186 1683 ornamentum
1208 1617 1344 1685 amantis
1365 1617 1465 1684 deseri

332 1717 434 1802 ptioni
457 1717 599 1796 intexuit
621 1718 777 1801 adquae,
800 1736 870 1784 aum
894 1717 984 1786 irrita
1006 1721 1087 1798 sint,
1118 1721 1224 1803 postea
1245 1738 1305 1786 non
1327 1721 1467 1786 recurrat

1467 643 1490 890 ψ

1465 1246 1490 1704 μ-ᾣ--ᾑ

530 2423 653 2492 Golohis
676 2423 867 2491 Oolohiaois¹
891 2427 964 2492 urat
985 2443 1063 2492 aena
1086 2423 1173 2509 loeis,

481 2542 543 2590 una
565 2542 649 2590 meos
671 2525 819 2608 quoniam
843 2523 990 2608 praedata
1012 2526 1060 2590 est
1081 2525 1197 2592 lomina
1217 2543 1334 2604 seusus,

529 2643 565 2692 or
586 2625 645 2691 hao
666 2624 818 2691 durentur
840 2623 948 2693 lunera
969 2628 1077 2692 nostra
1098 2625 1199 2693 domo.

481 2723 589 2794 Omnis
612 2725 763 2792 humanos
785 2728 877 2793 sanat
898 2725 1053 2794 medioina
1075 2725 1210 2794 dolores:

530 2825 614 2894 solus
636 2845 724 2892 amor
746 2826 847 2893 morbi
869 2845 930 2894 non
953 2829 1041 2894 amat
1061 2827 1223 2894 artilioem.

331 2925 511 3012 Sequuntur
531 2928 670 3011 exempla
693 2928 884 2996 mirabilium
905 2929 1116 2996 sanationum.
1160 2928 1258 2995 Totus
1273 2929 1377 2996 autem
1393 2929 1484 2996 loous

331 3029 454 3114 egregie
475 3029 639 3114 respondet
661 3029 804 3113 inprimis
826 3029 927 3114 Longi
948 3030 1096 3114 exemplo,
1126 3048 1197 3096 oum
1220 3028 1367 3111 medelae,
1401 3049 1486 3114 quae

331 3129 449 3198 lrustra
480 3130 596 3197 amoris
621 3131 728 3198 morbo
761 3131 960 3212 adhibentur,
997 3130 1180 3199 dividantur
1210 3131 1244 3198 in
1271 3130 1418 3198 ronedoia
1449 3123 1490 3198 etl

332 3231 502 3300 medicinae
523 3231 668 3300 remedia.
712 3233 741 3300 A
763 3235 934 3301 sententia:
954 3227 1040 3301 ‘laus
1063 3235 1094 3300 in
1117 3252 1221 3301 amore
1243 3223 1338 3300 mori'
1359 3232 1401 3320 (r.
1424 3233 1490 3316 47)

331 3333 526 3419 proficiscens
557 3337 648 3420 poeta
675 3335 835 3421 tanquam¹
854 3335 1046 3404 vaticinatur
1076 3354 1111 3403 sa
1147 3335 1229 3403 hano
1255 3334 1380 3403 laudem
1407 3351 1464 3401 oon

331 3439 510 3503 secuturum
531 3455 611 3512 asser
643 3436 708 3503 iore
735 3437 816 3504 enim
842 3457 1013 3522 nunquam,
1043 3440 1080 3504 ut
1111 3437 1171 3504 sibi
1200 3456 1288 3504 amor
1319 3437 1485 3522 eripiatur.

332 3537 420 3603 Haeo
440 3556 503 3603 una
523 3539 677 3606 sententia
699 3539 732 3603 in
754 3540 889 3605 extremo
908 3538 1045 3606 oarmine
1060 3539 1127 3605 luae
1141 3539 1331 3618 illustratur,
1353 3539 1403 3605 oui
1418 3557 1490 3606 non⁴

331 3636 541 3720 satistaoiunt,
571 3638 625 3722 qui
649 3638 837 3724 intellegunt
865 3640 982 3724 philtra
1010 3658 1147 3706 amorem
1173 3639 1351 3716 iuieientia;
1383 3639 1490 3732 immoj

332 3737 408 3806 liaeo
429 3737 655 3823 interpretatio,
687 3758 866 3825 quanquam
889 3741 1022 3826 primam
1044 3739 1322 3807 commendationis
1348 3738 1490 3828 speeiem

330 3857 405 3923 prae
426 3858 459 3906 so
478 3837 548 3918 lert,
571 3839 719 3908 insereret
738 3860 861 3907 sensum
877 3841 969 3926 plane
982 3859 1097 3908 norum
1112 3840 1311 3925 alienumque
1332 3859 1352 3906 a
1373 3841 1490 3912 nostro}

332 3940 478 4008 earmina
531 3940 705 4022 Praeterea,
739 3941 863 4027 siquid
886 3941 983 4027 sapio,
1014 3941 1066 4008 hio
1089 3943 1137 4008 est
1159 3940 1313 4027 Propertii
1335 3959 1412 4027 mos,
1444 3943 1483 4009 ut

332 4041 571 4128 eogitationem‚
609 4059 681 4108 oum
712 4061 775 4127 qua
806 4043 900 4110 semel
933 4042 1072 4127 aliquam
1107 4041 1197 4127 quasi
1231 4040 1481 4109 familiaritatem

1488 3605 1490 3660 ᾉᾼ
1465 3321 1490 3587 -ῤ-Ᾱᾼᾼᾼ
1487 3191 1490 3252 4

435 4283 508 4340 ¹lta
535 4283 616 4355 libri;
645 4283 787 4356 &aligera
811 4283 945 4342 Iolaiaois.
976 4311 1011 4328 -
1043 4283 1175 4342 Codioum
1202 4282 1370 4354 seripturam
1399 4281 1490 4339 tueor}

333 4374 451 4440 propter
468 4368 549 4427 ovid.
567 4369 648 4428 Rem.
663 4371 760 4427 Amor.
779 4372 831 4427 Pdl
852 4387 907 4443 sqq
925 4388 981 4442 quo
1000 4371 1061 4448 iure
1078 4371 1176 4428 atatim
1193 4369 1311 4427 videbis.
1439 4407 1441 4410 -
1489 4391 1490 4394 ¹
