2982 5006
268 557 336 644 lytc
355 557 484 626 eximiae
506 555 632 624 virtutis
652 555 822 642 imaginem
842 556 882 623 ab
903 555 1034 640 antiqua
1048 554 1156 623 rabula
1171 555 1413 639 praeformatam

268 658 510 742 adumbrarerit,
542 657 648 722 tamen
669 657 862 734 ornamenta,
896 674 975 740 quae
995 655 1090 723 libere
1110 655 1289 739 interponit,
1322 655 1414 739 plane

268 761 308 828 ad
322 758 438 827 saeculi
459 776 582 825 sensum
604 758 756 842 apparata
779 757 862 824 sunt.
906 755 990 824 Nam
1011 756 1045 823 in
1067 775 1112 841 so,
1134 756 1189 842 qui
1204 775 1258 824 esu
1272 754 1413 824 carnium

265 861 422 928 abstineat
445 860 478 926 ot
502 859 653 926 librorum
680 849 807 925 ‘summ’
834 859 968 939 incubet,
1006 857 1130 944 qualem
1151 857 1286 926 Theseus
1311 856 1412 924 lilium

267 961 416 1030 describit
436 961 482 1041 (r.
502 961 565 1028 952
586 963 656 1046 sp),
684 959 845 1028 Welcker¹
874 958 992 1027 dudrrm
1025 978 1131 1026 uerum
1160 957 1419 1044 Orpheoteleston'

268 1063 425 1147 cognorit,
457 1081 520 1128 noa
545 1062 660 1128 iudicio
686 1082 760 1130 usus
785 1081 841 1129 suo
869 1062 922 1129 sed
944 1063 1053 1146 poetae
1074 1061 1171 1146 ipsius
1192 1062 1412 1129 anctoritatem

267 1161 312 1246 (r.
326 1162 403 1245 959)
424 1162 565 1242 secutus;
588 1162 642 1246 qui
664 1163 761 1228 etiam
783 1162 824 1229 ad
844 1161 993 1247 mysteria
1008 1160 1191 1229 celebranda
1206 1160 1413 1246 Hippolytum

266 1262 407 1328 Athenas
428 1261 600 1346 proiectum
626 1280 691 1328 esse
715 1261 810 1347 lingit
833 1260 877 1346 (r.
899 1263 965 1340 25).
1009 1263 1114 1345 noque
1141 1260 1270 1343 eandem
1295 1264 1412 1328 sectam

266 1351 340 1445 prae
360 1379 393 1427 se
414 1361 493 1426 terre
514 1359 646 1440 ridetur,
669 1379 740 1426 cum
762 1359 969 1428 acerbissimis
991 1378 1029 1427 ac
1050 1379 1146 1444 paene
1161 1361 1301 1427 ridiculis
1315 1360 1413 1429 male·

264 1461 359 1527 dictis
373 1460 562 1545 Hippolytus
576 1463 679 1527 totum
701 1461 886 1528 seminarum
907 1480 1006 1544 genus
1027 1460 1099 1546 tigit
1107 1463 1152 1544 (u.
1165 1463 1227 1527 616
1238 1462 1327 1545 sq.)¹.
1361 1463 1413 1527 An

265 1565 358 1647 putas
384 1565 516 1646 poetam,
555 1579 733 1646 quanquam
761 1560 943 1630 mulieribus
979 1579 1039 1628 non
1076 1560 1212 1640 larebat,
1246 1559 1328 1628 iuter
1355 1561 1412 1628 has

151 1723 152 1726 ,
264 1663 419 1731 mordacis
439 1661 553 1729 calami
574 1661 713 1728 fictiones
734 1681 796 1728 non
822 1662 935 1742 risisse,
968 1682 1040 1728 eum
1070 1662 1136 1729 eius
1162 1681 1240 1730 sana
1267 1681 1355 1730 mens
1376 1682 1413 1729 ex

264 1764 337 1832 aliis
357 1763 449 1830 dictis
470 1762 548 1830 satis
568 1763 674 1847 aperte
694 1761 852 1847 perluceat
859 1767 881 1830 ⁸.
914 1762 1026 1830 Nescio
1047 1765 1164 1843 autem,
1182 1781 1223 1830 an
1237 1762 1291 1830 ille
1305 1763 1411 1830 eodem

265 1865 394 1932 oonsilio
415 1865 538 1930 heroem
560 1882 650 1930 suum
679 1863 884 1930 intoleranter
908 1883 941 1930 se
966 1863 1137 1931 iactantem
1165 1867 1196 1930 et
1221 1863 1411 1950 gloriantem

263 1964 484 2047 introduxerit,
516 1964 670 2032 neminem
696 1964 781 2030 intra
810 1964 931 2049 patriae
960 1963 1036 2032 fines
1065 1969 1198 2050 exstare,
1234 1963 1288 2048 qui
1319 1966 1431 2031 tenta-

5 2057 7 2068 ’
119 2140 123 2147 ,
264 2067 382 2134 virtute
402 2066 561 2150 praeditus
584 2065 628 2132 ait
649 2067 768 2152 quanta
789 2064 854 2150 ipse
876 2066 919 2148 (r.
941 2067 1004 2132 993
1025 2086 1071 2152 sq.
1096 2067 1207 2150 1100);
1229 2084 1324 2150 quam
1346 2065 1475 2146 iac-‚

263 2167 414 2235 &tionum
446 2186 541 2252 paene
566 2166 798 2233 circulatoriam
827 2167 963 2234 Theseus
993 2171 1087 2234 arma
1118 2166 1156 2234 de
1183 2165 1319 2251 Orphiao
1352 2165 1410 2233 lilii

263 2267 349 2334 rictu
380 2267 531 2335 disserens
562 2269 669 2352 aperte
699 2267 903 2334 denotaverat
931 2287 961 2336 r.
983 2270 1062 2335 952:
1094 2257 1155 2355 ἤδη
1181 2267 1237 2334 νῦν
1262 2256 1354 2350 αὔχει
1379 2267 1428 2364 et·

263 2387 293 2437 r.
314 2367 391 2436 950:

451 2460 512 2534 ertu
531 2461 572 2534 ἂν
592 2467 758 2558 πιθοίμην
779 2475 867 2538 τοῖσι
888 2475 963 2551 σοῖς
983 2467 1128 2556 κόμποις
1148 2468 1221 2556 tyo'.
1297 2485 1301 2492 '

362 2573 467 2656 Atque
487 2590 505 2638 e
523 2590 556 2638 re
576 2572 625 2638 est
650 2572 709 2638 hoc
735 2573 801 2639 loco
827 2591 932 2640 versus
958 2573 1258 2642 conclamatissimas
1284 2572 1410 2640 multis·

202 2679 216 2699 ⁴
263 2691 323 2758 qne
335 2673 474 2758 agitatos
488 2672 705 2740 controuersiis
726 2673 767 2739 73
787 2693 845 2757 sp,
866 2691 943 2757 quos
958 2673 1149 2759 Hippolytus
1170 2672 1362 2758 pronuntiat·
1374 2673 1410 2739 in
1460 2730 1461 2733 ,

262 2773 383 2839 Dianae
408 2774 515 2839 statua
543 2773 744 2857 redimienda,
777 2775 961 2840 examinare.
1005 2773 1095 2840 Certe
1121 2776 1229 2859 agitur
1254 2774 1292 2841 de
1318 2776 1409 2858 prato

262 2873 393 2953 Dianae,
426 2871 602 2956 pastoribus
622 2891 684 2939 non
703 2873 842 2954 colendo,
874 2873 926 2939 sed
955 2873 1037 2958 quod
1060 2873 1249 2961 Hippolytus
1269 2875 1417 2952 affirmat

261 2993 292 3041 r.
314 2974 354 3040 79
375 2993 432 3058 sq.¹
464 2973 504 3040 iia
525 2976 650 3040 tantum
669 2973 793 3040 licitum
815 2993 879 3041 esse
899 2973 989 3042 flores
1010 2974 1180 3060 decerpere,
1213 2975 1326 3058 quibus
1351 2994 1410 3041 nn·

260 3077 334 3141 mn
354 3073 456 3140 virtus
475 3076 508 3141 et
530 3074 737 3158 temperantia
758 3074 854 3141 insita
877 3074 929 3160 sit,
952 3074 980 3141 si
1001 3074 1040 3141 ad
1063 3075 1227 3142 ueritatem
1249 3076 1282 3142 et
1301 3093 1410 3142 recon-

362 3331 373 3366 ¹
391 3330 438 3386 Kl.
456 3329 571 3386 Schritt.
588 3330 616 3386 11
634 3349 662 3402 p.
681 3333 744 3385 474.
778 3330 917 3404 Tragoed.
944 3349 972 3402 p.
992 3331 1053 3386 749.
1080 3330 1116 3388 et.
1139 3329 1251 3388 lnbeeu
1267 3331 1407 3406 Aglaoph.

224 3490 229 3500 ι
261 3436 290 3491 p.
301 3421 364 3474 949.
385 3419 451 3476 Noli
463 3425 557 3476 tamen
569 3419 718 3492 neyleyere
730 3421 799 3495 haec
810 3420 910 3477 Tneeei
929 3419 1017 3477 lilium
1036 3421 1212 3494 obiurgantis
1230 3427 1260 3478 et
1277 3422 1409 3494 obiuryia

261 3509 459 3582 myyerantir
477 3526 545 3566 esse.
580 3508 677 3581 Neque
695 3509 743 3566 ille
762 3509 792 3566 in
811 3510 945 3582 mysteria
963 3509 1116 3577 invehitur,
1146 3509 1196 3567 sed
1217 3510 1339 3567 tumidos
1358 3509 1408 3568 Or·

259 3598 328 3670 plrei
346 3603 498 3656 marom
516 3597 621 3670 carpitp
651 3599 727 3670 quod
745 3617 844 3656 moneo
863 3605 963 3656 contra
980 3599 1161 3656 Wheelerum
1180 3600 1259 3656 nullo
1278 3601 1339 3657 iure
1357 3601 1408 3657 hos

11 3746 13 3756 ,
128 3769 134 3774 .
168 3714 176 3724 ·
259 3706 357 3745 versus
375 3688 406 3745 in
423 3687 608 3760 suspicionem
625 3694 772 3746 vocantem
791 3689 835 3761 (de
853 3690 955 3747 Alcest.
975 3693 1005 3746 et
1022 3687 1138 3762 Hippot
1156 3688 1255 3761 Eurip.
1275 3689 1407 3762 interpol.

12 3824 14 3874 3
213 3795 214 3798 ¹
259 3777 410 3850 puttam).
446 3777 631 3849 Hippolytum
643 3783 736 3836 autern
753 3785 867 3850 praeter
883 3778 1018 3836 ‘Dianam
1029 3773 1171 3853 reginam'
1187 3778 1301 3852 Orphea
1312 3796 1407 3853 regem

259 3865 373 3937 habers,
390 3883 448 3922 non
464 3867 556 3936 rideo,
573 3883 624 3923 cur
641 3884 782 3940 amemus.

363 3954 536 4028 ’Orpheum
554 3957 686 4014 cesluim
703 3958 821 4016 tradunt
838 3956 886 4028 (ct.
905 3957 989 4015 clem.
1008 3957 1088 4014 Alex.
1107 3956 1210 4014 Strom.
1231 3955 1279 4028 vl,
1297 3954 1363 4028 799)
1428 4024 1432 4033 .

480 4043 525 4107 'ne
540 4041 573 4100 ot
590 4040 720 4118 κύντερον
737 4037 771 4115 ἦν
785 4051 832 4102 sal
851 4049 942 4120 ῥίγιον
958 4039 1024 4102 ἄλλο
1041 4039 1180 4120 γυναικός.

360 4133 374 4169 ⁸
390 4133 524 4192 &ntem
542 4152 585 4191 ex.
603 4152 646 4208 ετ.
666 4134 721 4209 try.
740 4135 805 4192 sos:

458 4219 535 4286 ὅστις
551 4225 585 4280 dr
603 4219 696 4287 πάσας
713 4229 849 4287 συντιθεὶς
867 4227 950 4298 ψέγει
969 4221 1043 4298 λόγῳ
1101 4254 1103 4258 .

458 4319 588 4383 romam
606 4314 673 4380 ἱεῆς,
693 4309 789 4375 σκαιός
805 4315 863 4370 ture
881 4311 931 4369 ece
949 4310 1040 4387 σοφός
1056 4316 1112 4371 nrt.

260 4403 292 4458 er
302 4397 358 4474 try.
372 4400 437 4455 1642
452 4394 567 4474 ὅμοιον
582 4395 664 4476 &rtet
680 4401 771 4472 πῆμα
790 4399 942 4478 συμπαθὴς
958 4396 1036 4475 γυνή.
