2974 5030
151 491 365 578 gravescentis
395 511 545 562 novercas
572 493 717 563 desiderii
740 498 857 565 colores
878 496 1010 582 reperies
1031 495 1064 563 in
1086 495 1237 583 Byblidos
1257 496 1307 564 ia·

156 593 240 662 bula.
285 593 423 663 cremon
450 593 532 663 enim
563 595 601 664 de
629 616 761 666 noverca
790 597 868 666 haec
894 597 1016 666 narrat·
1050 595 1106 664 καί
1136 620 1221 664 ποτε
1252 593 1307 663 καὶ

151 687 353 782 έφίλιοιν”
330 719 371 761 αν
398 696 632 782 apogniacum
658 696 713 766 καὶ
743 687 888 767 οναοθαί
912 722 978 784 μου
1004 700 1148 784 συνεχῶς
1173 687 1304 788 ηνξαιο.

152 796 224 864 Mox
253 796 308 863 καὶ
341 786 579 886 θιρμὸτερα’
561 824 600 890 ην
624 794 666 868 τοὶ
692 795 860 893 φιλήματα
884 801 948 869 τοῦ
977 798 1176 886 πρέποντος.
1219 801 1303 886 Quid

56 971 61 980 ,
154 897 288 983 Byblis?

301 1003 363 1070 Illa
385 977 509 1089 qnidam
533 1005 634 1092 primo
656 1004 758 1075 nullos
778 1005 965 1093 intellegit
955 1025 1054 1092 ignes,

301 1123 358 1171 nec
378 1123 504 1189 peccare
527 1107 629 1188 putat,
655 1107 737 1192 quod
759 1107 882 1191 saepius
904 1107 1011 1176 oscula
1031 1108 1155 1192 iungat,

304 1203 386 1288 quod
405 1223 463 1271 sna
486 1204 624 1272 fraterno
647 1206 818 1274 circumdet
840 1207 988 1274 bracchia
1010 1206 1099 1274 collo

153 1302 211 1371 Ov
234 1305 296 1370 457
311 1324 413 1388 sq.-
378 1304 619 1372 -Dsmaenete
638 1308 675 1373 ut
697 1307 805 1392 Byblis
828 1326 857 1373 ν.
875 1309 938 1374 466
953 1327 998 1392 sq.
1022 1307 1117 1374 variis
1132 1306 1308 1374 invocatio·

152 1402 245 1468 uibus
253 1403 424 1520 indulget:
446 1404 503 1467 νῦν
516 1401 577 1486 μέν
595 1402 787 1470 παιόέον”
750 1429 806 1470 νον
827 1404 864 1470 δὲ
877 1401 1075 1490 γλυκύτατον
1088 1397 1307 1488 ὀνοριᾶζοισα,

152 1524 206 1565 και
198 1487 324 1581 nodos
337 1496 539 1589 κληρονόμον
554 1501 609 1570 καὶ
623 1527 685 1588 μετ
686 1495 820 1591 ὀλιγον
835 1500 943 1594 ψυχὴν
957 1500 1075 1590 ἑαυτῆς
1093 1494 1308 1571 οἷποκαλοῦοα

153 1601 220 1668 κτλ
263 1604 429 1670 Praeterea
458 1604 538 1671 illud
568 1599 805 1693 κληρονόμον·
796 1627 829 1672 m
861 1606 1043 1674 memoriam
1074 1605 1163 1674 nobis
1192 1605 1309 1692 redigit

153 1702 342 1772 Ouidianum
364 1705 538 1773 Phaedram
563 1725 592 1773 ι.
617 1708 678 1774 163
700 1725 763 1793 sp:

354 1807 402 1872 est
423 1806 500 1872 mihi
522 1807 637 1874 dotalis
660 1808 754 1875 tellus
774 1808 858 1875 Iovis
879 1807 992 1888 insuta,
1014 1806 1118 1890 cesse

402 1907 520 1974 serviat
542 1908 714 1994 Hippolyto
733 1909 820 1993 rogia
842 1910 911 1975 tota
932 1927 1011 1996 meo.

155 2005 246 2090 Cave,
279 2025 317 2073 ne
346 2007 518 2073 malevolus
545 2008 691 2092 gaudeas,
725 2008 751 2073 si
774 2007 891 2074 similia
917 2008 1023 2074 forsan
1044 2007 1076 2072 in
1099 2007 1171 2073 aliis
1194 2006 1309 2074 tabulis

153 2107 321 2184 invenerim
344 2108 762 2175 testimoniorummutuum
787 2126 971 2174 consensum
988 2125 1102 2191 promo.
1136 2106 1309 2175 subtiliora

154 2210 259 2276 autem
281 2210 357 2275 haec
376 2211 559 2276 ornamenta
581 2208 809 2276 Alexandrinae
831 2207 893 2276 arti
916 2208 1041 2293 propria
1063 2225 1137 2288 esso,
1159 2207 1235 2274 licet
1256 2226 1308 2274 sr-

155 2311 289 2378 tremum
302 2311 382 2377 illud
395 2311 458 2377 iam
472 2311 502 2376 in
515 2309 635 2378 Graeca
646 2329 758 2377 scaena
768 2310 870 2376 locum
883 2308 1047 2393 invenerit,
1065 2310 1101 2375 ut
1112 2309 1204 2375 antea
1216 2307 1307 2374 docui
1333 2315 1334 2319 ’
1390 2358 1393 2365 .

156 2412 198 2500 (p.
211 2415 275 2494 34),
300 2411 453 2480 neminem
468 2412 561 2503 fugit.
606 2411 696 2480 Unde
716 2410 793 2478 item
815 2410 980 2497 repetenda
1003 2409 1155 2496 Byblidos
1176 2410 1309 2478 scribere

156 2515 289 2583 volentis
311 2513 486 2598 descriptio,
509 2515 546 2579 ut
567 2533 647 2598 quae
668 2512 709 2581 ad
732 2514 872 2598 pictnme
895 2513 1051 2598 exemplar
1067 2512 1224 2580 delineata
1245 2531 1310 2579 osse

156 2616 302 2684 videatur
324 2635 353 2682 v.
376 2618 438 2683 522
457 2635 521 2702 sq.:
545 2607 671 2684 ‘dextra
689 2617 775 2684 tenet
796 2615 923 2702 terrum,
945 2634 1077 2699 vacuam
1099 2615 1186 2682 teret
1209 2613 1309 2682 altera

156 2737 269 2803 ceram,
303 2716 419 2804 Incipit
442 2719 474 2784 et
501 2715 638 2784 dubitat’
670 2736 695 2784 e.
716 2737 746 2803 q.
768 2737 792 2784 s.
837 2716 977 2785 conferri
1008 2718 1137 2803 possunt
1169 2715 1309 2802 picturae
1453 2727 1473 2816 -p

156 2818 364 2904 Pompeianae
391 2818 496 2901 (Helb.
518 2838 568 2886 no.
591 2821 673 2885 1422
692 2817 753 2904 sq.)
783 2821 814 2887 et
834 2819 972 2886 Ohoricii
995 2817 1109 2886 Ganaei
1142 2817 1307 2903 ecphrasis,

157 2939 236 3007 quae
256 2920 394 3007 amplam
410 2920 616 3006 Hippolyteae
637 2920 763 2988 fabulas
785 2921 955 3007 imaginem
972 2919 1044 2988 auto
1062 2919 1168 2988 oculos
1186 2920 1309 2986 nostros

75 3039 77 3044 ’
156 3023 301 3090 evolvens
322 3021 419 3106 digna
441 3024 496 3102 est,
520 3022 569 3088 cui
589 3021 730 3090 hocloco
746 3023 835 3107 plura
851 3020 1187 3106 verbaimpendamus,
1209 3039 1310 3106 quan·

157 3124 226 3189 tum
258 3122 305 3188 ris
337 3119 412 3188 licet
444 3122 563 3188 mendis
592 3122 775 3208 lacunisque
806 3122 972 3207 inquinata
1005 3122 1056 3188 sit.
1110 3120 1181 3186 lllic
1210 3120 1310 3204 igitur
1349 3203 1351 3210 Ι

158 3221 331 3290 Phaedram
360 3222 499 3290 videmus
528 3223 694 3307 epistulam
721 3224 910 3302 exarantem,
939 3210 995 3288 'cni
1017 3221 1116 3288 Amor
1135 3219 1309 3305 opitulatur

157 3323 270 3408 (Βοίει.
286 3343 315 3408 p.
333 3324 419 3404 luel:
440 3316 474 3390 Ὁ
489 3321 525 3388 δέ
539 3346 589 3402 τις
602 3311 709 3406 ’Ἔρως
725 3359 761 3370 -
778 3314 1017 3410 παρασκευάζει
1039 3317 1097 3408 τὴν
1119 3318 1154 3386 έκ
1171 3318 1309 3404 μέλανος

159 3417 239 3510 ὕλην
269 3427 343 3504 τοῖς
373 3425 568 3508 γράμμασιν,
603 3418 667 3490 ὁόα
698 3417 738 3510 δὴ
770 3421 934 3512 γραφέντα
959 3421 1099 3509 μηνῦσαι
1124 3418 1234 3505 μέλλοι
1261 3421 1309 3509 τῷ
1418 3421 1423 3433 ’

148 3525 345 3613 Ἱππολύτῳ
375 3519 434 3592 τον
465 3521 588 3610 ἔρωτα·
615 3523 669 3592 καὶ
695 3527 735 3615 τῇ
764 3525 841 3616 λαιᾷ
871 3526 993 3615 ταύτην
1017 3517 1148 3610 ἀνέχων,
1182 3520 1311 3612 θατέρᾳ

158 3622 261 3717 ταύτῃ
275 3628 333 3715 τὴν
346 3625 489 3716 γραφέδα
503 3625 615 3715 φέρων
630 3625 778 3715 ἐνέθηκε,
794 3627 924 3712 μέλλων
937 3627 1108 3697 ἐπιδοῦναι
1119 3629 1160 3718 τῇ
1173 3623 1311 3714 Φαίδρα.
1337 3671 1340 3680 ι

160 3730 372 3800 Consimiliter
399 3729 555 3799 ovidiana
582 3729 724 3798 Phaedra
747 3731 895 3798 Amorem
926 3750 958 3799 se
983 3728 1060 3798 adeo
1090 3728 1310 3798 adhortantem

42 3915 44 3918 Ι
159 3832 254 3919 fingit
277 3852 307 3902 r.
331 3835 370 3901 13
391 3853 453 3920 sq.:

309 3934 363 4004 ille
385 3935 462 4002 mibi
486 3935 585 4020 primo
606 3933 765 4001 dubitanti
787 3933 920 4002 scribere
941 3933 1040 4001 dixit:

354 4035 492 4106 ‘Scribat
515 4035 604 4104 dabit
626 4035 727 4102 victas
749 4035 864 4104 ferreus
888 4035 942 4103 ille
963 4035 1099 4102 manns’.
1372 4103 1375 4110 A

160 4138 279 4206 Rhetor
300 4131 454 4223 porgit:‘
437 4162 457 4228 η
481 4134 517 4204 δέ
538 4135 685 4218 dodonus
708 4128 845 4222 γράψει·
865 4133 994 4219 Μέχρι
1016 4129 1107 4220 dp'
1073 4157 1164 4214 τινος
1178 4155 1310 4222 σωφρο-

160 4239 280 4330 νήσεις,
312 4237 504 4318 ‘reaccensa
538 4235 666 4323 Φαίδρα
686 4235 723 4304 δέ
744 4240 910 4305 ποθεῖτε
935 4235 990 4302 καὶ
1015 4229 1193 4319 βούλεταιῖ
1245 4235 1311 4303 Nu·

112 4417 114 4420 ,
159 4343 222 4410 trix
243 4339 354 4409 deinde
379 4341 526 4409 describit
511 4343 565 4408 tur
585 4339 744 4408 dominam
766 4339 951 4408 adhortans.
992 4336 1054 4406 *Τι’
1074 4321 1311 4498 πέπονθας,ο
