2982 5006
746 331 781 386 bl

190 499 341 584 Qualibus
354 501 490 586 argutiis
504 501 760 586 epigrammatica
774 503 993 589 eleganterque
1006 504 1189 573 exacuendis
1201 504 1334 570 Alexan·

187 601 348 668 drinorum
371 601 493 670 ldueam
516 601 720 669 ludibundum
744 623 817 689 prae
838 604 948 671 ceteris
970 605 1083 672 lauisse
1112 603 1183 689 quis
1215 603 1334 670 nescit?

189 702 429 770 Oommenticiae
463 705 569 768 autem
606 704 766 771 nominum
804 705 1043 789 originationes,
1080 706 1193 790 quibus
1225 703 1335 772 Graeci
1378 791 1380 796 Δ

191 803 299 888 poetae
331 801 404 869 iude
429 803 470 870 ab
496 802 643 888 Euripide
674 803 921 884 delectabantur,
954 803 1164 872 Callimachus
1195 803 1353 897 inprimis·
1366 853 1378 894 Ι.

191 902 382 971 carminibus
404 921 459 988 pro
481 903 581 971 doctis
602 906 794 973 ornamentis
815 905 980 974 inseruisse
994 905 1133 990 ridetur;
1155 905 1233 973 talia
1246 906 1335 974 sunt:
1474 927 1475 984 l

185 998 303 1090 Ἑκάλη
332 997 352 1090 ἡ
381 997 468 1088 προς
495 998 612 1094 ἑαυτὴν
641 999 767 1086 πάντας
795 1005 948 1091 καλοῦσα,
977 1001 1144 1090 'zizensis
1174 997 1245 1071 είπό
1276 1005 1334 1072 τοῦ

187 1094 268 1188 ίίχος
289 1097 373 1172 εἶναι
393 1095 539 1174 Ἰλιεῦσιν
560 1125 586 1174 e.
608 1126 636 1176 a.
651 1110 672 1176 ¹.
716 1107 776 1176 Sed
800 1109 869 1194 plus
891 1108 985 1190 valet,
1006 1107 1088 1194 quod
1111 1107 1238 1193 Diltbey
1262 1106 1337 1187 (1.1.
1474 1193 1475 1196 Ἴ

189 1230 218 1294 p.
239 1211 279 1276 41
301 1210 363 1294 sq.)
394 1207 429 1276 in
456 1207 620 1286 ovidiana,
656 1229 737 1295 quae
767 1210 891 1290 dicitur,
925 1210 1058 1295 epistula
1086 1209 1173 1291 XXI,
1209 1209 1271 1276 202
1291 1229 1337 1294 sq.

188 1310 434 1377 Alexandrinum
459 1311 583 1377 Aebutii
611 1311 745 1380 nominis
777 1311 983 1397 veriloquium
1015 1313 1097 1378 tecte
1126 1309 1338 1395 significatum

189 1429 254 1479 esse
274 1411 435 1496 ingeniose
456 1413 614 1497 coguovit.
660 1413 799 1498 Denique
824 1411 1065 1497 μειονιμασίας
1091 1410 1264 1495 exemplum
1289 1410 1338 1477 di·

188 1531 296 1597 gnum,
330 1511 413 1597 quod
435 1531 505 1580 cum
527 1512 632 1581 Ouidii
655 1515 722 1582 loco
745 1516 958 1600 componatur,
995 1513 1028 1580 in
1051 1512 1238 1580 Callimachi
1266 1511 1338 1580 reli·

124 1683 128 1694 ,
189 1612 271 1698 quiis
293 1614 394 1681 exstat
415 1614 476 1700 lrg.
498 1615 560 1681 213
582 1615 718 1698 (Scbu.):
740 1613 812 1682 ἀντὶ
832 1609 892 1701 γὰρ
914 1608 1056 1703 ἐκλήθης
1070 1604 1226 1699 ’Ἰμβρασε
1247 1617 1338 1697 llcp·
1474 1649 1475 1686 ;

189 1711 316 1781 device.
360 1716 404 1782 nt
435 1735 473 1784 ue
505 1717 626 1784 mireris
659 1718 815 1786 Nasonem
848 1717 882 1785 in
914 1719 980 1803 ipsc
1012 1717 1176 1804 Hippolyti
1207 1715 1365 1797 interitu.

118 1899 119 1902 Ἴ
188 1816 378 1882 illustrando
408 1835 479 1883 curn
508 1817 643 1901 quadam
671 1820 834 1903 uoluptate
858 1817 1030 1902 immorari,
1063 1818 1233 1886 Luciauum
1265 1817 1337 1896 cito,

178 1914 241 2000 ,qui
265 1915 303 1982 de
325 1935 441 1984 consor.
463 1918 536 1985 hist.
555 1919 596 1985 57
616 1919 765 1985 laudatae
786 1919 915 1984 Homeri
937 1917 1078 1985 castitati
1099 1919 1176 1984 baec
1195 1916 1336 2001 opponit:

188 2011 218 2082 ei
240 2016 276 2083 δὲ
297 2017 487 2100 Παρθένιος
509 2013 529 2106 ἢ
550 2011 727 2108 Εὐφορίων
748 2014 769 2108 ἢ
793 2018 1000 2104 Καλλίμαχος
1023 2015 1123 2104 ἔλεγε,
1156 2011 1278 2096 πόσοις
1298 2009 1336 2080 lis
1433 2047 1436 2052 ·

189 2109 253 2182 oi‘ee
277 2113 374 2184 ἔπεσι
395 2114 434 2186 τί
460 2115 549 2203 i'rirop
571 2122 646 2206 ἄχρι
668 2117 754 2205 πρὸς
774 2117 814 2187 τί
828 2121 937 2204 χεῖλος
950 2122 1010 2187 τοῦ
1025 2112 1191 2186 Τανιᾶλοο
1207 2108 1336 2207 ἤγαγενε

186 2208 259 2284 cieo
289 2214 410 2299 πόσοις
437 2214 477 2286 ίίν
497 2213 610 2304 Ἰξίονα
639 2217 770 2291 ἐκύλισε
783 2226 811 2302 ⁸3
855 2223 1014 2292 Nimirum
1035 2221 1239 2290 Alexandrini
1267 2220 1338 2286 hor·

189 2319 317 2386 rendam
341 2325 631 2408 monstruosamque
653 2343 755 2390 rernm
778 2324 977 2392 atrocitatem
1002 2319 1160 2407 usquead
1181 2320 1337 2388 luxuriam
1474 2375 1475 2410 ι

92 2501 95 2506 ¹
187 2419 345 2488 subtiliter
375 2423 566 2490 exornabant
598 2426 629 2492 et
655 2425 899 2512 amplificabant.
943 2424 1121 2510 Euripidem
1146 2440 1218 2490 vero
1239 2420 1268 2488 ei
1289 2420 1338 2487 iu·
1474 2419 1475 2444 ¹

97 2563 99 2568 -
188 2524 237 2589 ter
270 2542 380 2591 manus
415 2523 518 2602 iuuisse,
555 2525 732 2612 quicunque
754 2527 922 2613 Hippolyti
943 2526 1106 2618 interitum
1127 2521 1337 2607 descripturus

188 2624 277 2703 esset,
300 2627 541 2691 consentaneum
563 2629 618 2692 est.
662 2627 773 2713 Itaque
794 2626 968 2694 similitudo
989 2624 1154 2692 intercedit
1174 2623 1257 2690 inter
1278 2623 1336 2689 Or.
1473 2691 1474 2694 ,

188 2724 251 2790 508
267 2743 311 2809 sq.
333 2727 365 2791 et
387 2725 460 2793 Eur.
481 2726 555 2811 Hip.
581 2729 663 2795 1210
677 2748 734 2814 sq,
756 2728 838 2795 iuter
859 2727 917 2796 Oa.
933 2728 995 2795 520
1017 2728 1049 2794 et
1070 2725 1143 2792 Eur.
1161 2725 1253 2792 1222.
1277 2721 1336 2792 Sed
1473 2713 1474 2730 ¹

185 2825 336 2892 nonnulla
358 2829 450 2910 poete
474 2827 634 2895 Romanus
663 2831 756 2897 aliter
782 2829 939 2896 instituit:
973 2827 1148 2894 monstrum
1179 2825 1336 2892 marinum

187 2945 272 2993 mare
293 2927 418 2994 omuino
442 2947 502 2994 non
525 2929 656 3015 linquit;
677 2931 757 3010 ideo,
781 2931 813 2997 ui
835 2930 937 3010 iallor,
960 2927 1115 3014 quiahoc
1137 2945 1207 2994 cum
1231 2943 1336 2991 rerum

187 3027 458 3096 verisimilitudine
481 3034 645 3114 pugnaret.
689 3032 784 3101 Secus
806 3032 879 3100 Eur.
904 3033 986 3100 1228
1000 3050 1056 3116 sq..
1076 3028 1147 3097 Seu.
1166 3028 1246 3095 1022
1262 3028 1337 3113 sq.⁸.

188 3130 285 3197 Bovis
308 3130 450 3198 habitum
472 3132 557 3200 Naso
581 3134 626 3201 ita
649 3133 798 3202 describit
821 3154 849 3202 u.
870 3135 946 3201 512:
964 3125 1228 3223 §mannaque
1247 3129 1337 3196 tenus

188 3299 387 3311 ιιι-αφ*-

288 3395 298 3428 ¹
318 3393 359 3450 (li.
373 3394 488 3464 Dilthay
501 3394 528 3450 d.
542 3394 611 3450 Call.
626 3395 691 3466 Cyd.
704 3413 732 3465 p.
745 3397 780 3450 27
793 3413 834 3466 sq.
854 3423 889 3437 -
906 3392 1006 3450 Nescio
1023 3397 1117 3449 autern
1136 3408 1175 3447 an
1188 3389 1338 3447 Battiaden

186 3479 273 3535 etiarn
292 3481 361 3538 haec
382 3482 539 3538 redoleant:
559 3479 665 3550 Θησεὺς
682 3477 836 3554 ὠνομάσθη
855 3478 902 3536 deri
916 3477 1032 3548 τὴντῶν
1042 3473 1244 3550 γνωρισμάτων
1256 3481 1338 3533 dicar

185 3568 234 3622 τοῦ
251 3586 280 3623 τε
297 3571 394 3642 ξίφους
412 3573 457 3626 καί
475 3571 531 3626 τῶν
549 3571 670 3625 πεδίλων
682 3568 787 3640 (Etym.
798 3570 893 3642 Magn.
905 3588 927 3625 a.
940 3587 967 3625 v.
986 3562 1338 3638 ci.Piuiarch·That.1V),
1398 3581 1400 3584 ’

185 3655 253 3726 quia
270 3657 372 3714 cecinit
389 3657 444 3730 ing.
462 3660 511 3714 662
1094 3691 1096 3695 ·

380 3742 426 3801 Ἐν
443 3746 499 3818 μὲν
517 3743 572 3818 γίιρ
594 3745 717 3818 Τροιζῆνι
736 3747 878 3821 rolcupatq
899 3740 953 3801 one
973 3745 1058 3819 πέτρῃ

383 3834 463 3902 ἐνῆκε
484 3829 536 3891 cuir
552 3832 711 3907 sparena.

286 3921 361 3979 'Gi
380 3922 495 3993 Dilthey
513 3924 532 3981 l.
550 3924 569 3980 l.
590 3941 618 3996 p.
638 3925 682 3980 22.
718 3923 813 3981 Nealce
833 3924 900 3981 Call.
918 3923 985 3982 ileo.
1004 3941 1033 3997 p.
1051 3925 1069 3980 2
1087 3941 1127 3994 sq.
1157 3950 1191 3964 -
1219 3918 1336 3976 linaaclr
1396 3977 1402 3990 ,

184 4011 333 4081 (Analecta
352 4013 505 4069 Alexandr.
525 4013 606 4070 Rom.
625 4030 652 4085 p.
672 4013 720 4085 21)
749 4012 860 4071 Poenae
890 4011 1002 4070 roceam
1030 4011 1247 4086 descriptionem
1274 4008 1336 4065 iure

183 4101 353 4158 Callimacho
373 4101 539 4159 vindicavit.

286 4188 425 4260 ⁸lapsus
452 4189 512 4261 ipso
538 4189 614 4262 apud
637 4189 770 4246 Ovidium
797 4207 824 4247 ν.
844 4191 897 4246 222
924 4189 1040 4262 stipitis,
1068 4186 1144 4260 apud
1168 4182 1333 4256 Euripidem
1358 4240 1365 4254 ,
1470 4197 1471 4201 ’

182 4296 209 4335 r.
233 4279 301 4334 1223
325 4278 428 4350 lapidis
450 4297 567 4336 occursu
591 4279 750 4337 adducitur.
786 4279 890 4336 Seneca
912 4297 972 4338 rem
995 4279 1052 4336 elio
1077 4275 1159 4334 modo
1183 4271 1333 4331 exornavit

182 4384 210 4426 ν.
230 4367 311 4439 roan
329 4366 438 4440 dequo
456 4373 563 4441 postca.
