2974 5030
726 385 779 442 tln

179 547 283 618 noluo
315 554 383 622 τῶν
412 549 564 642 μεγάλων
594 557 762 644 ἀγομένων
794 595 827 610 -
865 557 1036 648 ἰτῦγχανον
1065 563 1126 650 μὲν
1149 559 1328 654 e'peptae'uoo,

175 644 261 748 ᾅσας
293 655 330 725 δὲ
357 653 417 725 τόν
448 651 598 726 εἰωθότα
630 661 753 728 παιᾶνα
785 660 826 752 τῇ
858 666 932 751 θεῷ
964 661 1018 730 καὶ
1047 658 1088 732 τὰ
1114 667 1328 753 νενομισμένα

174 749 452 844 προπομπεύσας,
487 757 533 839 ὥς
562 750 652 842 εἶχον
683 762 811 851 στολῆς,
844 755 930 853 αὐτῇ
959 759 1096 850 χλαμύδι
1128 767 1182 834 καὶ
1212 760 1325 847 edente

106 913 114 922 .
173 851 350 944 ereptiones·
372 853 508 945 ἔρχομαι
530 853 642 928 οἴκαδε
664 855 711 941 ὥς
732 857 881 947 iprae-ror.
903 855 922 954 ἢ
941 863 977 932 δὲ
999 861 1113 956 ἐπειδὴ
1135 862 1324 952 τὸπρῶτον
1461 891 1467 897 ·

174 948 261 1026 older
275 959 342 1029 κτλ.
369 962 460 1030 Alter
480 962 509 1029 is
529 963 577 1030 est
590 963 778 1032 Troezenius
800 965 899 1052 heros,
921 967 975 1053 qui
996 967 1145 1054 mysteria
1165 969 1322 1037 oelehrnna

174 1079 322 1130 noreroae
337 1082 475 1131 amorem
492 1063 606 1142 inurit,
627 1066 722 1150 atque
736 1065 833 1133 istum
850 1067 975 1136 sebeniae
988 1068 1110 1136 auetori
1127 1089 1160 1136 re
1174 1090 1246 1137 rora
1260 1069 1321 1156 pri·

174 1181 259 1230 mum
270 1165 344 1231 ante
356 1165 461 1233 oeulos
472 1164 567 1232 luisse
577 1165 738 1234 Phaedrae
749 1166 992 1252 epistulavinoit
1003 1168 1320 1255 hertelholme

323 1265 475 1351 Tempore
496 1285 558 1352 quo
580 1268 668 1335 uobis
690 1268 771 1336 inita
792 1271 839 1338 est
861 1269 995 1338 Cerealis
1016 1271 1152 1353 Eleusin,

372 1365 490 1436 Gnosia
513 1370 693 1438 mavellem
714 1369 899 1439 detinuisset
919 1373 1044 1440 humus.
1355 1457 1357 1462 Ι

321 1467 413 1536 Tune
430 1469 508 1538 mihi
529 1471 702 1557 praecipue,
723 1489 780 1540 neo
798 1491 860 1540 non
883 1475 990 1542 hmen
1012 1476 1086 1543 ante
1107 1474 1264 1560 plneehnsr

370 1589 442 1641 aner
463 1572 496 1640 in
519 1573 663 1642 extremis
684 1575 805 1644 essibus
826 1575 929 1645 haesit
949 1595 1047 1646 amor.

322 1673 464 1743 condida
485 1675 579 1744 restis
600 1677 678 1758 erat,
700 1677 869 1763 praecineti
891 1678 965 1747 dore
986 1679 1103 1765 capilli,

370 1776 453 1845 flava
475 1778 665 1846 verecundus
685 1780 822 1847 tinxerat
842 1801 896 1848 ora
917 1781 1021 1848 rubor.

172 1877 271 1944 Totus
290 1877 378 1946 looue
399 1879 523 1964 egregie
544 1879 682 1947 eonoinit
702 1899 773 1948 oum
795 1881 976 1961 Heliodoro;
999 1883 1085 1964 adeo,
1110 1881 1191 1950 utin
1206 1881 1316 1950 eisdem

171 1979 264 2046 rebus
291 1998 311 2047 a
336 1981 461 2048 seruata
484 1980 641 2065 Euripidis
662 1981 835 2067 Hippolyto
863 1982 997 2052 reeednt.
1040 1984 1123 2052 Nam
1153 1984 1180 2050 ei
1202 1982 1319 2067 Hippe-

171 2080 257 2166 lytus
279 2098 341 2148 nou
362 2083 432 2149 tum
449 2081 582 2166 primum
599 2100 749 2150 novercae
768 2083 897 2168 plnouit,
919 2086 1162 2153 cousentaneum
1182 2085 1230 2152 est
1250 2102 1319 2150 eum

151 2199 234 2248 ⁴nore
256 2183 293 2247 ut
318 2182 350 2249 in
372 2181 552 2250 Geroniiero
585 2183 628 2264 (v.
650 2183 692 2250 24
713 2184 776 2269 sq.)
807 2184 946 2251 Athenas
977 2185 1019 2251 ad
1051 2183 1214 2251 sollemnia
1243 2182 1321 2250 eele-

171 2282 292 2350 brandn
313 2283 473 2368 migrasse,
507 2283 590 2370 quod
613 2283 744 2354 Ovidius
769 2305 803 2354 re
830 2305 903 2355 vera
931 2305 994 2355 non
1022 2285 1111 2368 dieit,
1144 2285 1198 2354 sed
1229 2287 1322 2354 autea

172 2385 323 2454 illiciam
344 2387 572 2453 eommoratum
596 2403 668 2454 esse.
712 2386 813 2470 Qnrod,
846 2387 873 2455 si
901 2407 1008 2456 omnes
1031 2389 1177 2474 rationes,
1209 2387 1321 2472 quihus

172 2490 263 2574 poeta
284 2486 424 2573 tragious
444 2486 581 2571 potuerit
599 2505 665 2553 rem
691 2488 863 2566 instituere,
890 2489 1092 2574 reputaveris,
1125 2489 1215 2556 uniee
1236 2505 1320 2553 meae

172 2588 367 2658 eouieoturao
398 2607 576 2658 sueerrrrere
605 2587 752 2657 aeneades
778 2588 811 2656 in
838 2588 1010 2677 Hippolyto
1030 2590 1142 2659 Velato
1176 2607 1316 2657 seaeuarn

172 2691 265 2758 luisse
288 2691 421 2758 Athenis
434 2693 454 2757 ¹.
498 2691 566 2758 lem
596 2709 666 2758 oum
689 2690 869 2776 Turipidem
895 2691 962 2759 illio
986 2692 1025 2760 de
1045 2691 1210 2778 Hippolyti
1232 2689 1318 2758 oultu

171 2794 291 2881 aliquid
314 2793 466 2863 indicasse
487 2794 607 2862 eertum
628 2792 680 2874 sit,
712 2793 773 2864 Ieo
794 2793 829 2878 (l.
849 2792 871 2863 l.
893 2814 922 2881 p.
946 2794 1020 2879 177)
1042 2793 1244 2864 existumavit
1263 2790 1321 2884 Seff

172 2915 280 2964 ueram
301 2915 330 2966 v.
355 2899 415 2964 651
439 2916 502 2984 sq.=

321 2998 391 3085 quis
413 3000 481 3066 tum
503 2997 558 3066 ille
579 2997 684 3066 sulsitl
707 3000 882 3083 presserant
903 2997 1002 3066 vittae
1023 3015 1144 3066 oomam
1177 3024 1180 3031 ·

320 3101 352 3169 et
373 3121 428 3169 ora
449 3102 550 3169 flavus
570 3101 676 3168 musra
697 3100 863 3186 tinguebat
885 3098 985 3184 pudor
1042 3133 1044 3137 ·

170 3202 229 3269 hoo
248 3203 288 3272 ad
311 3196 463 3273 Theseum
484 3201 691 3268 transtulisse.
736 3200 888 3286 Equidem
910 3201 1006 3268 nolim
1029 3200 1179 3268 continuo
1200 3198 1319 3282 disoep·

169 3307 247 3387 tare,
282 3306 385 3391 quoad
408 3305 523 3374 Seneca
547 3302 708 3389 adipsum
736 3302 893 3385 tragicum
922 3321 956 3370 se
984 3301 1198 3378 adstrinxerit;
1231 3317 1319 3384 pree·

170 3407 277 3474 sertim
299 3427 370 3474 eum
389 3404 604 3490 Alexandrini,
629 3407 666 3471 nt
686 3404 736 3471 uir
757 3404 867 3472 doetus
888 3402 1121 3483 animadvertit,
1154 3401 1199 3468 in¹
1211 3398 1319 3467 Thesei

171 3508 258 3574 eultu
279 3507 467 3574 illustrando
489 3506 687 3592 praeiverint.
730 3506 811 3582 Nam
833 3505 967 3573 Senecae
990 3523 1113 3571 nemnem
1135 3504 1212 3570 648:
1231 3499 1318 3568 ‘eum

140 3637 143 3645 ·
170 3609 272 3693 prime
298 3628 391 3695 puras
421 3608 520 3675 barbe
546 3607 687 3694 signaret
707 3605 815 3693 genas'
846 3605 1011 3673 manifesto
1033 3623 1104 3672 oum
1126 3600 1318 3671 (inllimneho

170 3709 230 3796 frg.
252 3711 295 3778 44
316 3728 484 3796 magronere
506 3709 612 3778 Naehe
644 3706 696 3790 (de
719 3707 797 3776 Call.
820 3707 895 3775 lieo.
920 3726 949 3793 p.
972 3707 1027 3788 88)
1061 3705 1179 3772 dandum
1201 3701 1318 3772 denuit.

170 3811 255 3879 Idem
286 3811 353 3880 iure
381 3811 556 3898 suspicatus
588 3816 635 3879 est
657 3809 827 3878 Battiaden
853 3807 916 3877 iarn
944 3809 980 3874 ut
1001 3805 1149 3874 Seneenm
1175 3810 1217 3883 (v.
1241 3803 1317 3891 654)

170 3915 324 3984 Theseum
339 3933 410 3982 eum
425 3913 572 4001 Apolline
586 3931 780 4000 eomparnsse
791 3914 813 3992 ¹,
836 3929 874 3979 ne
891 3911 945 3978 diu
961 3910 1105 3977 haeream
1120 3907 1153 3975 in
1163 3905 1319 3994 Apollinis

174 4039 372 4050 -n——no-0

274 4079 282 4112 ¹
301 4077 433 4135 Ovidium
452 4082 551 4150 utpote
569 4078 597 4134 in
618 4077 661 4134 his
674 4076 757 4134 rebus
769 4075 974 4149 neglegentem,
992 4071 1036 4131 eni
1049 4076 1196 4144 praetem
1207 4073 1318 4127 servate

133 4193 136 4198 Δ
170 4166 315 4239 Euripidis
339 4166 435 4224 iebule
458 4186 522 4224 enm
545 4168 629 4225 heroe
652 4185 702 4224 run
728 4165 842 4238 propris
860 4161 1014 4221 Troezenio
1038 4162 1109 4218 berre
1132 4165 1200 4218 nota
1225 4157 1320 4224 luerit,

169 4257 228 4313 noli
245 4257 344 4312 mirari
362 4262 460 4328 postea
478 4255 515 4329 (v.
537 4257 601 4328 10⁷)
618 4255 775 4312 Phaedram
794 4252 936 4310 Tenerene
953 4255 1112 4309 vomentem
1131 4248 1251 4322 lingere3
1280 4245 1317 4303 oi·
1395 4239 1404 4253 '
1471 4241 1472 4250 ’

43 4374 48 4384 -
169 4344 234 4402 nne
250 4344 305 4401 un.
323 4363 351 4416 p.
370 4346 431 4401 eoo.
450 4348 476 4401 a.
1175 4373 1177 4382 .

270 4436 282 4470 ¹
301 4433 332 4490 1..
350 4434 370 4490 l.
388 4452 416 4506 p.
435 4434 471 4490 89
490 4450 531 4505 oq
568 4431 610 4490 ct.
630 4430 782 4489 Sohneider
800 4430 869 4487 coll.
889 4429 914 4485 ll
932 4444 960 4500 p.
982 4430 1041 4485 179.
