2974 5030
688 327 721 383 91

132 498 341 567 coniecturum
363 499 401 566 de
421 495 591 565 Parthenio
614 493 797 580 exemplaris
816 498 944 562 auctore
969 493 1106 579 proxime
1131 494 1171 564 ud
1199 495 1280 563 ueri·

132 601 231 668 tutem
252 598 404 668 emoriere.
446 598 532 683 Quue
559 596 716 666 conclusio
743 597 811 663 tum
840 594 944 664 forsan
972 596 1115 665 omnibus
1144 597 1280 666 numeris

132 701 276 768 obsolute
297 703 386 779 esset,
419 700 506 768 side
526 698 647 766 duobus
670 698 733 764 illis
755 697 846 766 rebus
868 696 995 766 aliunde
1016 717 1077 765 non
1106 700 1280 776 cunctorem

131 801 214 887 quod
236 802 330 888 longe
351 820 438 869 secus
459 801 614 869 redebet
657 799 741 866 Nem
763 798 1013 866 testimoniorum
1035 817 1178 867 recensus
1199 799 1280 867 hanc

131 904 256 972 lubulne
279 904 412 971 formem
434 901 526 971 dccet
554 900 637 968 houd
662 917 820 985 quequem
847 899 1038 986 singularem
1069 898 1173 967 luisse.
1216 902 1280 967 Δα-

131 1005 246 1071 cedunt
271 1004 351 1082 ulier
383 1001 571 1071 Parthenius
598 1002 720 1068 narret:
756 997 874 1078 Μίνως
899 1035 939 1048 -
960 994 1152 1091 ἐνενοήσατο
1179 993 1231 1067 ὅτι
1257 999 1277 1086 'i

130 1100 190 1171 τὸν
216 1103 345 1187 πατέρα
370 1102 543 1189 προδοῦσα
570 1092 704 1182 οὐδενὸς
734 1093 775 1166 δν
804 1098 925 1191 ῥᾳδίως
950 1098 1108 1187 φείδοντο,
1139 1099 1195 1166 καὶ
1225 1094 1279 1167 διὰ

130 1206 233 1272 τοῦτο
246 1201 432 1292 προςδὴσας
454 1201 603 1288 πηδαλίῳ
625 1197 702 1288 νηὸς
720 1197 780 1289 τήν
802 1194 964 1284 προδότιν
980 1198 1034 1265 καὶ
1055 1193 1279 1288 πατροφόνον

82 1325 85 1330 ·
129 1297 236 1392 ἀφῆκε
262 1297 423 1389 σύρεσθαι
450 1301 506 1368 διδ
532 1294 702 1387 θαλάσσης
728 1299 793 1367 κτλ.
809 1304 828 1366 ¹.
871 1300 940 1382 Quo
969 1301 1037 1367 loco
1068 1301 1101 1366 ln
1130 1299 1279 1366 tenuioris

82 1473 85 1482 ,
130 1403 308 1491 argumenti
333 1404 593 1489 complementum
623 1401 807 1470 urcessitum
836 1392 1058 1470 esse'uidetur
1087 1419 1277 1486 responsum,

130 1504 223 1591 quule
244 1504 357 1572 Ouidio
387 1509 515 1572 nuctore
537 1504 639 1570 Minos
661 1502 785 1588 Scyllae
809 1520 998 1588 purpureum
1030 1501 1146 1570 crinem
1179 1502 1279 1588 porri·

129 1605 218 1693 genti
235 1605 291 1673 dut
313 1606 388 1674 liet.
412 1604 501 1686 vm,
522 1604 564 1671 97
585 1623 646 1690 sup:

277 1748 320 1816 Di
342 1751 374 1815 te
396 1747 623 1832 summoveant,
643 1767 663 1813 o
686 1745 785 1813 nostri
807 1745 938 1814 infamia
961 1746 1065 1827 saecli,

276 1849 350 1916 orbe
370 1867 441 1925 uuor
462 1848 617 1932 tellusque
638 1847 697 1912 tibi
719 1848 895 1932 pontusque
917 1849 1057 1932 negetur.

278 1947 368 2016 certe
389 1967 447 2034 ego
471 1965 531 2016 nou
554 1946 659 2030 putier
681 1946 764 2014 louis
785 1945 984 2029 incunabula,
1010 1946 1134 2029 Creten,

277 2050 332 2135 qui
353 2068 440 2116 moue
461 2051 509 2116 est
528 2048 620 2130 orbis,
643 2050 769 2114 tuntum
792 2049 972 2133 contingere
993 2051 1177 2117 monstrum.

128 2192 274 2280 Hyginus
305 2194 410 2262 cutem
444 2192 545 2261 simile
577 2211 757 2278 responsum
786 2191 944 2278 significet
971 2191 992 2260 l.
1017 2194 1090 2261 198:
1121 2190 1193 2261 ‘ille
1219 2193 1274 2276 (sc.

127 2295 242 2378 Minos)
264 2296 393 2380 negavit
408 2294 519 2363 Creten
540 2295 771 2362 sanctissimum
794 2295 919 2362 tunium
940 2295 1039 2362 scelus
1058 2292 1274 2380 recepturum'.

126 2397 255 2483 Legitur
277 2397 400 2482 praeter
421 2395 497 2464 haec
515 2395 548 2463 in
571 2395 696 2463 scholiis
718 2396 758 2463 ud
781 2395 966 2482 Dionysium
988 2396 1067 2464 l.1.:
1095 2397 1154 2486 τῆς
1168 2393 1272 2462 Νίσου

126 2492 291 2586 θυγατρὸς
305 2488 537 2583 δποτεμούσης
551 2499 609 2584 τῆς
620 2496 764 2586 κεφαλῆς
774 2499 833 2564 τοῦ
847 2491 974 2581 πατρὸς
994 2494 1062 2562 τὸν
1078 2491 1274 2583 μόρσιμον
1302 2583 1304 2588 ι

125 2598 343 2683 πλόκαμον,
365 2599 448 2684 quod
460 2599 590 2666 Ovidius
601 2619 697 2684 pueno
707 2599 748 2666 ud
763 2600 890 2666 verbum
901 2600 1049 2683 expressit
1060 2600 1080 2666 l.
1093 2599 1114 2666 l.
1128 2602 1273 2685 v.85sq.:

123 2697 254 2767 ‘intuli
276 2701 350 2766 nutu
364 2701 523 2784 putentem
546 2698 658 2767 (irinc
678 2719 770 2767 suum
790 2700 930 2784 spoliut’.
954 2699 1099 2786 Hyginus
1113 2701 1160 2767 itu
1175 2700 1273 2784 (l.l.):

121 2799 301 2868 ‘letalem
332 2801 477 2866 crinem
512 2801 709 2884 pmecidit’2.
753 2801 890 2883 Quorum
913 2801 1054 2868 omniurn
1075 2799 1107 2867 in
1132 2801 1198 2869 uiri
1218 2820 1273 2868 uec
1322 2829 1325 2832 ·

123 2902 195 2970 volu
210 2920 266 2970 nec
280 2901 448 2987 vestigium
463 2904 629 2986 apperet⁸3
653 2900 799 2987 quociren
814 2921 918 2970 meum
941 2901 1090 2970 iudicium
1112 2921 1147 2970 eo
1170 2902 1272 2988 potius

128 3082 323 3092 -—-—-—--

227 3197 236 3228 ¹
255 3197 301 3252 iiio
319 3195 485 3253 Euststhius
504 3198 606 3267 tredit3
625 3198 655 3252 in
673 3197 785 3254 scholiis
803 3197 906 3253 cimilia
925 3197 1065 3270 leguntur.

85 3353 88 3358 Δ
226 3284 293 3340 ¹M.
312 3283 448 3352 Schmidt,
468 3286 574 3359 Hygini
601 3285 701 3354 editor,
729 3286 848 3342 lectores
867 3287 923 3341 ium
951 3286 987 3342 ud
1007 3284 1137 3342 Ovidium
1164 3283 1272 3342 remisit

123 3376 161 3445 (p.
181 3375 252 3442 126).
271 3404 304 3415 ··
325 3373 391 3431 Loci
410 3380 504 3431 eutem
523 3375 604 3432 ulluti
623 3380 656 3430 ut
675 3380 804 3431 tueamur
818 3375 937 3431 suadent
955 3375 1030 3446 upud
1043 3374 1174 3432 Ovidium
1192 3392 1219 3428 v.
1235 3376 1270 3429 86

123 3463 227 3521 codicis
244 3463 428 3520 Laurentieni
446 3463 616 3537 scripturum
633 3459 739 3520 'intuli'
759 3481 812 3536 pro
829 3458 946 3535 ‘vituli’,
965 3465 1041 3535 quod
1053 3463 1132 3521 Korn
1150 3481 1206 3520 nen
1224 3463 1271 3520 de·

122 3552 185 3608 buit
203 3553 233 3608 in
250 3557 359 3610 textum
378 3553 511 3624 recipere.
549 3553 678 3610 Ceterum
697 3553 772 3625 opud
790 3553 931 3625 Hyginum
950 3570 1062 3624 quoque
1079 3552 1173 3625 puellu
1192 3569 1222 3608 se
1240 3551 1271 3606 in

122 3658 199 3698 mure
216 3642 399 3714 praecipitum
418 3661 453 3698 ex
472 3642 574 3713 quibus
596 3643 725 3699 omnibus
745 3642 877 3713 opinetur
895 3643 997 3714 uliquis
1015 3643 1156 3717 Hyginum
1169 3639 1270 3698 Ouidio

122 3745 202 3784 usum
221 3746 288 3800 csse,
306 3731 382 3801 quod
401 3730 431 3785 in
451 3730 549 3787 Glauci
568 3729 754 3804 fabulandi)
767 3730 909 3788 liolrdium
927 3732 1094 3788 contendere
1113 3729 1196 3786 video
1209 3729 1270 3798 (1.1.

120 3836 149 3890 p.
170 3820 230 3874 124.
249 3820 286 3887 2).
322 3813 462 3890 Equidem
485 3820 515 3875 in
536 3820 653 3877 alterurn
679 3826 775 3877 utrem
795 3826 905 3892 purtem
925 3821 1070 3892 disputare
1091 3819 1166 3885 nolo,
1193 3822 1271 3874 unte·
1319 3853 1321 3858 -

121 3922 207 3976 quum
234 3910 400 3978 arguments
427 3907 568 3964 cumulate
595 3908 701 3964 videro.
738 3907 772 3964 In
794 3914 892 3964 nostru
910 3913 1005 3965 numm
1028 3906 1125 3964 fubulu
1142 3905 1270 3978 Hyginus

120 3992 157 4048 ub
171 3992 270 4048 Ouidio
289 3993 318 4048 in
336 3993 379 4048 his
398 3995 514 4054 recedit.
533 3995 608 4064 quod
625 3995 734 4051 orueuli
751 4012 915 4067 responsum
933 3995 993 4052 iure
1006 4001 1162 4064 enarretur,
1179 3993 1271 4063 Scyll·
1388 4003 1395 4016 ·

17 4081 20 4086 '
122 4080 238 4139 Venerio
257 4081 378 4153 impulsu
397 4088 482 4155 umet,
500 4083 621 4155 denique
640 4084 670 4141 in
686 4085 791 4157 piscem
809 4085 891 4143 cirim
909 4085 959 4142 ille
977 4090 1113 4142 mutetur.

220 4171 233 4205 ⁸
251 4171 409 4244 Perpauces
427 4172 499 4228 Ciris
515 4174 598 4230 locos
621 4191 685 4230 curn
704 4174 806 4230 Ouidio
824 4175 971 4231 concinere
993 4175 1131 4243 inveniesy
1160 4173 1196 4230 cd.
1214 4171 1271 4228 cir.

122 4258 174 4314 171
192 4263 222 4315 et
238 4258 289 4315 Or.
308 4261 352 4330 10,
371 4259 426 4316 cir'.
445 4260 497 4316 107
515 4266 605 4332 supet
627 4259 678 4319 Or.
700 4264 733 4318 15
752 4278 807 4334 ις,
825 4263 856 4318 in
873 4261 981 4334 Scyllse
999 4267 1126 4320 extreme
1142 4260 1270 4318 erutione

120 4346 176 4404 cir.
194 4347 248 4403 428
267 4352 297 4404 et
314 4345 366 4405 Ον.
386 4349 447 4420 109,
466 4348 522 4405 Cir.
541 4351 594 4404 418
613 4366 654 4421 sq.
673 4356 702 4408 et
719 4349 772 4408 ον.
792 4351 854 4408 117.
