2974 5030
747 445 753 459 ,
773 394 822 449 111

224 567 295 633 tum
314 583 380 634 esse
402 562 446 652 (s.
467 565 566 648 3060
609 563 756 631 Picturae
777 561 952 631 recordatio
973 564 1112 645 subest'r
1144 567 1197 634 sed
1218 568 1302 638 inter
1324 572 1373 638 tot

225 667 319 735 huius
349 685 479 736 serenes
507 663 737 752 descriptiones,
772 683 951 752 quenquam
973 665 1054 735 mira
1075 667 1203 737 sectura
1224 689 1296 738 cum
1318 691 1372 741 ne·

224 769 304 856 rigii
324 786 417 836 cursu
437 767 594 836 interdum
615 767 815 854 comparatur
826 768 849 847 ¹,
884 785 978 856 unum
1001 766 1121 834 Moschi
1140 768 1244 837 locum
1266 774 1373 841 nostro

224 872 317 959 plene
337 870 518 956 respondere
532 869 632 956 video,
651 868 839 954 ubilturope
862 868 1049 936 mirebunde
1070 868 1149 936 dicit
1170 869 1217 938 ld.
1229 871 1272 952 11,
1296 875 1372 941 143:

223 970 318 1062 χηλαὶ
337 969 375 1039 δέ
399 967 453 1037 roi
477 965 561 1038 sicea
582 963 710 1055 ἐρετμά,
749 1005 786 1019 -
823 969 931 1038 Lunae
965 969 1139 1055 exemplum
1165 972 1306 1041 ardentis
1338 975 1371 1043 in

224 1074 417 1162 Endymione
437 1075 480 1153 (r.
501 1074 565 1140 300
585 1073 656 1159 sq),
673 1092 753 1158 quae
770 1071 861 1140 irstri
879 1071 996 1139 nitidos
1018 1091 1127 1141 currus
1147 1073 1242 1143 aliter
1262 1094 1373 1162 regen·
1421 1073 1427 1094 ⁸

198 1177 281 1253 ‚dos
301 1175 367 1258 det,
404 1175 441 1241 ut
464 1175 570 1243 noctes
594 1191 685 1241 suurn
707 1173 829 1260 tempus
851 1192 889 1243 ue
909 1173 1046 1257 teneant,
1079 1175 1277 1246 erecendite
1299 1176 1374 1248 doc·

224 1279 310 1347 trine
340 1278 487 1346 haustum
520 1297 585 1346 osse
617 1276 750 1353 ridetur,
790 1275 878 1343 cuius
911 1277 1021 1344 sellem
1055 1278 1270 1347 testimoninm
1302 1298 1374 1367 pro·

12 1355 15 1361 Ι
119 1425 125 1430 -
225 1382 304 1451 ferre
325 1400 422 1466 posse.
461 1380 550 1449 Artis
569 1378 867 1465 repraesentationes
888 1381 1086 1464 quaerentem
1110 1380 1308 1450 destitueut⁸.
1332 1417 1372 1430 -

225 1483 313 1568 Quae
334 1484 440 1551 omnia
460 1501 515 1568 pro
537 1480 670 1549 Senones
696 1481 799 1548 estete
826 1480 858 1547 et
878 1480 1005 1566 iugenio
1025 1481 1236 1567 exquisitioris
1257 1481 1375 1552 doctri

226 1605 285 1654 nee
305 1585 388 1653 suut.

325 1687 468 1771 Denique
497 1686 661 1771 postquem
697 1685 832 1769 exposui,
867 1686 1020 1771 qnantum
1048 1685 1232 1771 Euripidem
1253 1687 1375 1773 Hippo·

225 1787 285 1876 lyti
306 1787 431 1856 fetulae
460 1786 543 1872 epud
570 1786 735 1872 scriptores
762 1785 894 1853 creticos
921 1785 1092 1873 vetuerint,
1127 1786 1160 1854 in
1196 1788 1374 1857 universum
1444 1787 1455 1818 '

224 1889 448 1958 ratiocinantes
480 1907 519 1955 no
549 1888 761 1975 neglegemus,
795 1908 890 1976 quam
923 1889 1107 1957 conueniens
1137 1891 1169 1958 et
1200 1892 1375 1978 opportune

225 1993 294 2078 ipse
323 1991 448 2059 iebulsa
473 1991 587 2059 natoue
613 1990 834 2058 Alexandrinis
861 1990 974 2068 inerit3
1011 2009 1080 2058 cum
1116 1992 1293 2077 saepissime
1327 1992 1375 2061 illi

226 2093 373 2162 iuvenum
405 2093 453 2161 rel
486 2093 659 2178 puellarum
696 2093 762 2161 lete
795 2092 984 2161 illustrando
1005 2092 1064 2160 sibi
1085 2096 1300 2181 proponerent,
1321 2096 1376 2181 qui

227 2195 377 2262 Venerem
399 2194 538 2262 ctrocius
558 2195 715 2279 espemeti
747 2196 852 2262 castas
876 2194 970 2261 simui
992 2194 1114 2261 Dianas
1140 2213 1174 2261 se
1195 2195 1376 2264 addicerent

225 2294 280 2382 (ei.
299 2295 426 2382 Dilihoy
447 2295 469 2362 l.
491 2295 513 2363 l.
533 2314 563 2381 p.
585 2297 636 2363 43.
658 2294 716 2380 1)⁴.
743 2296 865 2381 ltaque,
886 2295 913 2362 si
934 2294 1064 2382 aliquid,
1086 2294 1165 2363 illud
1186 2295 1326 2379 mirarer,
1348 2297 1375 2366 si

226 2397 324 2484 ipsius
345 2397 509 2484 Hippolyti
541 2397 657 2466 melem
693 2396 853 2465 fertonem
885 2416 1045 2481 uunquam
1067 2397 1204 2465 carmine
1225 2398 1375 2466 celebres·

224 2499 323 2568 sent⁸.

328 2743 339 2777 ¹
357 2739 399 2798 Cf.
418 2738 500 2797 Helb.
518 2740 537 2797 1.
555 2740 575 2796 1.
593 2756 622 2812 p.
640 2741 703 2796 226.
739 2739 815 2797 Jelrn
832 2740 949 2813 Europe
966 2738 1168 2812 (Denkeehriis.
1179 2741 1208 2797 d.
1221 2739 1376 2822 histlphil.

225 2831 320 2888 Classe
338 2830 366 2887 rL
384 2830 476 2886 Wien.
494 2830 586 2886 Alcsd.
605 2830 667 2886 vor.
685 2829 792 2902 delp.
813 2832 847 2884 11
865 2847 908 2900 eq.

326 2920 338 2955 ¹
357 2918 399 2975 Ct'.
416 2918 521 2974 Achill.
533 2917 596 2975 Tet.
608 2918 631 2987 1,
653 2922 677 2974 l.
701 2919 792 2976 Nonu.
812 2917 962 2991 Dionysi,
980 2921 1015 2976 00
1026 2938 1067 2991 sq.
1089 2918 1300 2991 Mosch.1d.ll,
1315 2908 1376 2977 130.

294 3049 296 3052 -
325 3007 339 3040 ³
359 3007 582 3079 Descriptiouam
589 3008 718 3065 Herculis
730 3009 846 3064 servitio
859 3009 935 3080 apud
943 3007 1100 3080 Omphalen
1111 3008 1276 3080 effeminati,
1290 3027 1376 3080 quom

150 3095 154 3103 '
225 3099 373 3165 sequentes
394 3112 491 3151 versus
509 3096 653 3167 exhibent,
673 3097 747 3152 miro
770 3096 855 3152 ruodo
880 3113 942 3152 cnm
967 3097 1080 3167 picture
1102 3095 1275 3167 Pompeiane
1293 3097 1375 3155 Helb.
1441 3149 1444 3159 .

223 3201 269 3239 no.
289 3185 360 3238 1140
375 3201 531 3256 congruere
546 3183 622 3241 Jahn
644 3183 751 3241 dudum
776 3183 977 3240 animadvertit
1003 3183 1140 3256 (Berioht.
1158 3184 1186 3240 d.
1206 3186 1295 3242 alicho.
1314 3186 1376 3244 Ges.

223 3273 252 3328 d.
270 3272 353 3328 Wisn
374 3275 444 3329 1800
464 3273 624 3344 p-222sq.;
641 3274 679 3330 ci.
697 3272 801 3346 Helbig
821 3274 840 3328 l.
857 3273 876 3330 1.
895 3290 923 3345 p.
938 3275 1009 3342 ris).
1040 3272 1207 3344 Quanquam
1225 3273 1295 3330 trite
1306 3274 1376 3332 lusco
1425 3267 1428 3272 ¹

223 3379 269 3418 res
286 3361 393 3419 Romae
408 3367 479 3418 eret

324 3456 336 3488 ⁴
353 3451 542 3508 Hebrneornes
560 3452 668 3508 iuvenis
685 3452 788 3508 litteris
806 3452 913 3508 tinctus
932 3451 1114 3520 eruditusque
1129 3450 1243 3521 optimis
1255 3451 1376 3515 artibus,

223 3539 347 3595 venandi
365 3544 511 3610 praeterae
522 3541 672 3612 studiosus,
689 3542 823 3596 Amorem
831 3540 940 3611 spernit
952 3543 981 3594 et
991 3539 1112 3610 despicit
1121 3539 1260 3610 (Xenoph.
1272 3539 1375 3610 Ephes.
1444 3597 1478 3607 ,,,

224 3628 248 3691 1,
268 3631 308 3695 ly:
336 3631 362 3682 el
377 3628 414 3684 dd
428 3647 484 3682 nco
499 3625 578 3699 lepte
600 3622 615 3696 ἢ
637 3621 752 3701 ἄγαλμα
768 3621 891 3700 'Eperos
908 3627 973 3698 siris,
991 3629 1131 3698 κατεγέλα.
1168 3626 1213 3684 sio
1230 3627 1377 3700 Euripidis

223 3717 394 3789 Hippolytus
412 3716 528 3774 Veneris
546 3722 669 3775 stetuem
687 3716 817 3775 reuereri
835 3723 947 3775 moueat
965 3735 993 3773 v.
1011 3718 1046 3773 88
1064 3733 1106 3786 sq.

325 3805 411 3862 'Ilio
427 3805 565 3863 ednoure
583 3807 741 3876 conveniet,
769 3825 805 3862 ne
827 3804 993 3878 imperfecte
1011 3805 1190 3876 relinquetur
1212 3803 1378 3876 disputetis,

224 3893 381 3952 Luciennm
408 3894 439 3951 in
467 3895 563 3968 Ocypo
594 3894 741 3969 Euripidis
768 3895 952 3969 Hippolytum
976 3894 1114 3951 Venerem
1142 3897 1319 3950 evomentem
1347 3898 1377 3950 et

223 3983 381 4041 Phaedram
397 3985 528 4041 morbum
545 3985 734 4042 oecultsntenr
751 3984 789 4042 ed
805 3983 956 4042 ridiculum
970 3987 1168 4057 crgumentum
1180 3982 1271 4039 libers
1283 3982 1376 4040 detor·
1404 3988 1406 3992 '

225 4091 321 4145 quere.
339 4102 375 4117 -
392 4073 481 4130 Primi
499 4073 611 4146 prologi
628 4091 735 4140 versus,
759 4072 788 4129 in
809 4073 912 4145 quibus
929 4072 1056 4145 podsgre
1074 4071 1128 4128 dee
1145 4069 1181 4127 de
1198 4071 1308 4143 ingenti
1326 4088 1377 4127 sue

224 4162 301 4235 apud
318 4161 445 4219 homines
461 4166 604 4234 potestate
621 4160 777 4234 prestetur,
794 4177 909 4234 prorsus
927 4159 1016 4217 efficti
1034 4177 1069 4216 ex
1082 4158 1244 4232 Euripidsis
1263 4177 1290 4216 r.
1307 4161 1373 4229 lsq.

224 4249 287 4306 Des
303 4247 406 4307 deinde
422 4249 549 4306 convicio
566 4249 685 4307 denotet
703 4248 829 4322 Osypnm
846 4248 890 4305 sui
909 4248 1054 4306 irrisorem
1070 4264 1099 4305 r.
1111 4248 1148 4302 24
1158 4264 1210 4318 sq,
1237 4250 1270 4302 nt
1282 4245 1377 4303 Venus

224 4337 411 4412 Hippolytum
429 4337 579 4396 simillimis
596 4338 723 4396 versibus
745 4339 779 4394 10
796 4341 827 4396 et
847 4339 889 4393 111.
934 4336 1121 4410 Prologorum
1139 4334 1281 4393 ulnusnlse
1305 4333 1375 4391 itam

224 4433 386 4503 onagrum
401 4427 481 4502 (lene
501 4431 538 4486 00
555 4446 596 4501 sq.
626 4427 696 4484 Eur.
714 4426 821 4499 disq).
850 4454 880 4470 ·-
903 4425 1014 4498 Oeypus
1031 4424 1227 4498 peedegogum
1242 4422 1375 4479 morbum
