2982 5006
737 262 774 321 ht

2 431 3 438 ’
143 493 147 502 .
178 435 331 506 Troezene
351 437 476 506 demum
498 437 677 525 privignum
698 438 888 524 conspexisse
909 441 941 507 et
963 459 1069 509 amore
1089 441 1270 522 exarsisset
1290 441 1322 508 ln
1463 487 1464 491 η

177 555 213 602 ea
238 556 272 602 re
293 537 517 622 Asclepiadem,
546 538 601 623 qni
620 539 747 620 dicitur,
780 542 812 607 et
839 539 1010 606 Diodorum
1043 540 1227 627 dilIgentius
1259 541 1323 625 Ipso

178 637 344 723 Euripiden
367 638 496 723 prologo
519 657 589 706 usos
609 658 673 706 esse
695 641 907 724 cognorimus.

277 737 363 806 Satis
384 757 536 824 superque
556 738 678 818 sudavi,
701 741 738 805 nt
759 739 841 810 certe
861 739 976 808 derisui
996 740 1122 810 Intums
1137 761 1234 810 essem
1248 742 1325 810 Plu·

176 838 287 906 tancho
319 839 481 908 obicienti:
521 835 588 920 Toig
610 837 647 906 de*
668 839 747 924 accpi
767 840 974 928 anteperire.
998 839 1156 927 Φαίδραν)
1186 841 1240 910 καὶ
1266 838 1325 908 ario

154 933 257 1008 ello-
272 929 376 1008 αὐτοῦ
397 939 579 1024 δυστυχίας,
612 939 687 1008 ἐπεὶ
706 940 807 1030 μηδὲν
825 933 1017 1011 ἀντιπίπτει
1038 939 1129 1030 παρὰ
1150 947 1217 1011 τῶν
1237 938 1326 1012 ioso-

176 1043 274 1127 ρικῶν
297 1046 369 1123 τοῖς
389 1047 563 1129 τραγικοῖς,
587 1037 693 1124 οὕτως
713 1040 799 1128 ἔχειν
820 1049 950 1131 θετέον,
972 1039 1019 1127 aig
1040 1043 1159 1114 ἐκεῖνοι
1180 1041 1325 1136 πεποιή-

176 1167 270 1212 κασιν
299 1139 442 1224 ἅπαντες
472 1145 577 1232 (Thes.
606 1167 633 1214 o.
659 1147 822 1230 XXVIII).
875 1148 936 1216 Sed
966 1148 1005 1217 do
1032 1149 1170 1233 neniam;
1202 1170 1325 1218 nama

175 1245 264 1313 noble
283 1246 481 1333 aliquantulo
499 1249 568 1333 plns
589 1245 763 1334 flagitatur,
785 1269 880 1334 quarn
902 1269 963 1335 qno
985 1250 1109 1338 antiqui
1134 1251 1325 1320 litteratores

176 1345 314 1414 contenti
336 1347 434 1414 erant

721 2060 773 2130 II.

269 2248 318 2316 nd
342 2249 460 2316 maiora
482 2250 639 2334 acciagor.
682 2249 763 2317 Nam
786 2250 891 2334 palma
912 2249 952 2317 iis
972 2249 1152 2335 deroganda
1175 2249 1245 2336 erit,
1266 2251 1323 2336 qui

171 2349 249 2418 satie
270 2350 437 2417 habuerint
465 2369 499 2416 ex
529 2349 643 2417 vilibus
670 2351 794 2418 nostrae
821 2349 947 2418 fabulae
974 2350 1145 2418 hIstorIolis
1166 2351 1323 2436 colligere,

169 2471 248 2538 quae
268 2452 308 2519 ad
331 2453 517 2520 cothurnum
541 2452 742 2538 Euripideum
765 2453 953 2538 pertineant
996 2453 1096 2520 Immo
1119 2453 1153 2549 in
1167 2452 1322 2538 profundo

168 2555 283 2621 veritas
305 2555 455 2621 demersa.
499 2555 611 2639 Itaque
632 2554 673 2622 ad
695 2553 941 2622 Alexandrinam
962 2557 1073 2636 artem,
1103 2556 1217 2641 qqupe
1240 2573 1321 2638 quae

168 2653 285 2723 Graeco
308 2655 340 2722 et
362 2655 503 2722 Romano
525 2656 678 2722 cothurno
700 2655 835 2722 medIam
859 2673 892 2722 se
913 2656 1102 2748 interponat,
1137 2654 1321 2742 progredior

166 2758 290 2824 tanturn
313 2756 472 2840 praelatus
505 2757 537 2823 in
560 2755 699 2823 obscuris
726 2756 775 2823 his
803 2757 982 2842 regionibus
1003 2756 1187 2824 circuitIoue
1208 2757 1240 2822 et
1261 2775 1320 2823 an·

166 2857 269 2924 fractu
291 2876 509 2942 saepenumero
532 2876 609 2942 opus
630 2877 704 2940 esse,
740 2876 811 2924 cum
833 2859 1024 2925 carminibus
1046 2858 1121 2944 ipsIs
1142 2849 1319 2943 temporum

166 2957 285 3025 invidia
307 2976 378 3024 raro
400 2957 580 3042 pepercerit
614 2957 791 3042 fragmenta
813 2957 1001 3042 paueIssIrua
1023 2957 1150 3038 restent,
1183 2958 1319 3024 recentes

167 3058 383 3143 compilatores
409 3058 505 3126 libere
529 3057 589 3125 sibi
618 3057 815 3126 indulserint.
859 3058 1039 3126 Proximum
1061 3060 1167 3126 autem
1192 3059 1249 3142 est,
1281 3058 1319 3134 ut
1409 3073 1413 3078 ·

166 3176 266 3244 panca
295 3157 392 3242 ipsius
413 3157 620 3243 Hippolyteae
648 3157 773 3225 fabulae
800 3157 959 3243 vestigius
977 3176 1057 3242 quae
1077 3157 1161 3242 apud
1181 3158 1318 3225 Alexan·

166 3259 272 3326 drinos
294 3258 424 3339 lateant,
447 3257 671 3326 examinentur.
714 3258 865 3326 uxorein
890 3259 992 3344 igitur
1012 3259 1053 3327 ab
1075 3258 1188 3327 Ouidio
1210 3276 1318 3326 aemu-

166 3358 265 3426 latore
298 3355 590 3435 Alexandrinorum,
623 3358 676 3443 qni
704 3359 779 3426 Met.
802 3358 872 3439 XV,
905 3360 968 3426 492
989 3376 1035 3444 eq.
1058 3358 1204 3425 Virbium
1236 3357 1318 3424 The·

142 3459 145 3466 '
166 3461 264 3528 seinm
284 3461 418 3543 heroem,
439 3480 530 3547 quem
552 3460 639 3546 dicii,
652 3461 728 3528 'lata
749 3481 806 3529 sua
821 3461 952 3546 Egeriae
966 3459 1121 3546 nymphae
1136 3459 1315 3526 narrantem

164 3562 297 3644 inducit,
321 3562 476 3647 quomodo
498 3581 630 3629 noverca
652 3561 753 3647 ipsum
776 3580 900 3647 pessum
921 3561 1050 3643 dederit,
1086 3561 1188 3628 Diana
1209 3560 1314 3627 autem

267 3779 373 3838 ¹Idenn
397 3778 564 3837 Troezenios
590 3797 708 3837 narrare
729 3779 882 3837 Pausanias
911 3779 945 3850 (Ι,
964 3781 1008 3836 22.
1027 3778 1056 3853 2)
1084 3795 1149 3836 cum
1174 3777 1316 3853 gnaritate

102 3917 103 3920 ,
165 3871 286 3942 quadem
306 3868 438 3939 affirmat,
467 3876 500 3926 nt
526 3869 651 3941 putarim
678 3875 822 3928 auctorem
847 3869 883 3927 ab
914 3869 964 3926 illo
991 3869 1164 3941 descriptum
1191 3869 1245 3926 hoe
1268 3886 1316 3926 ex·

164 3960 267 4032 pressis
291 3958 386 4015 verbis
408 3957 578 4031 EurIpideae
601 3959 768 4030 narrationi,
792 3976 875 4030 quem
898 3957 1050 4044 Romanius
1071 3957 1168 4031 paullo
1191 3961 1258 4013 ante
1279 3955 1314 4028 (1,
1388 3971 1397 3983 ·

164 4051 207 4105 22.
229 4053 241 4102 l
271 4043 334 4102 ὅτε
354 4049 420 4118 ἔρως
438 4048 484 4116 τῆς
500 4048 625 4117 Φαίδρας
649 4053 695 4103 arnt
716 4049 763 4116 τῆς
784 4048 889 4121 τροφοῦ
912 4045 942 4103 τὸ
966 4047 994 4110 ἐς
1016 4044 1067 4117 τὴν
1088 4047 1232 4103 διακονίαν
1252 4037 1313 4100 τόλ-

163 4139 255 4210 μημα)
275 4136 421 4193 manifesto
440 4143 506 4192 ante
522 4137 618 4193 oeulos
637 4137 768 4207 habebnt,
787 4137 957 4209 opposuisse
976 4163 1010 4178 -
1029 4140 1070 4193 At
1088 4136 1112 4192 ei
1129 4132 1315 4204 Aristophani

164 4225 284 4282 confisos
302 4225 337 4294 de
353 4226 570 4297 interpolatione
588 4227 618 4283 in
633 4227 787 4303 Euripiden
805 4227 923 4301 prologo
942 4226 1059 4301 cogitas,
1083 4223 1143 4283 iere
1166 4221 1316 4281 dimidiam

163 4314 275 4396 prologi
293 4319 403 4391 portem
419 4333 579 4390 expungere
597 4315 689 4375 debes.
