2974 5030
138 539 195 622 (ll.
221 541 284 608 530
305 559 361 626 sq,
383 539 425 607 Η.
446 535 546 624 leq).
588 538 721 606 Prorsus
740 537 873 623 deniquo
894 538 926 606 in
949 557 984 606 eo
1006 535 1183 618 concinunt,
1204 535 1288 622 quod

138 643 271 728 cognato
294 641 418 708 nemine
439 640 524 708 furta
545 640 649 722 togae
664 640 806 718 suadent,
829 641 866 704 ut
880 640 938 706 hoo
954 639 1112 723 praetexte
1127 638 1287 723 amplexus

135 743 210 810 dent
232 744 263 810 et
285 742 391 810 escula
411 741 545 826 iungant
567 740 623 822 (M.
636 742 698 807 558
714 759 771 824 eq,
794 739 835 806 H.
853 740 912 806 137
928 740 998 825 aq).
1020 738 1139 806 Notum
1160 737 1286 823 quidem

135 847 182 911 est
203 842 350 910 Ovidium
370 843 495 909 tantum
517 841 564 906 sui
588 840 707 926 ingenii
731 843 903 906 amatorem
928 841 1031 918 fuisse,
1054 839 1285 906 uttotoslecos

135 963 170 1010 er
192 944 291 1010 altero
316 942 349 1008 in
372 943 505 1008 alterum
528 957 652 1006 carmen
681 940 864 1006 transferret
895 940 951 1020 (ef.
973 941 1034 1006 Leo
1058 941 1079 1005 l.
1103 940 1124 1006 l.
1147 959 1176 1024 p.
1201 939 1286 1020 169).

134 1045 195 1113 Sed
217 1065 302 1124 caue,
326 1063 363 1109 ne
384 1042 540 1126 captiosae
562 1039 614 1106 isti
637 1041 852 1124 probabilitati
873 1039 1003 1108 nimium
1027 1043 1157 1109 tribuas.
1201 1040 1284 1108 Nam

135 1145 216 1229 quod
242 1144 348 1228 Bylplis
369 1143 479 1210 scribit
501 1163 529 1209 v.
552 1144 611 1208 551
632 1161 695 1226 sq:

147 1315 148 1318 ,
286 1245 355 1309 inm
377 1263 462 1308 senes
485 1243 591 1307 norint
612 1244 643 1308 ot
664 1243 739 1326 quid
761 1243 916 1327 liceatque
938 1244 1086 1327 nefasque

282 1345 391 1430 fasque
411 1345 454 1410 sit
475 1341 637 1426 inquirant
658 1341 824 1427 legumque
846 1343 988 1411 oramina
1010 1343 1149 1410 seruent:

281 1444 465 1510 conveniens
489 1442 592 1506 Venus
614 1443 662 1507 est
684 1440 775 1507 annis
796 1443 962 1507 temeraria
983 1442 1114 1518 nostris;

134 1545 166 1609 id
190 1545 308 1623 molius,
331 1563 425 1627 (puram
445 1540 549 1606 Ovidii
564 1541 706 1606 Phaedra
721 1560 750 1605 ιι.
767 1543 842 1606 154;
861 1539 953 1624 ‘qnid
976 1539 1092 1624 deceat,
1115 1558 1176 1606 nun
1199 1540 1283 1606 videt

135 1646 217 1712 nullus
239 1635 372 1724 amans',
396 1644 478 1728 prior
500 1641 660 1725 Euripidis
673 1641 815 1708 Phaedra
836 1641 977 1708 illustrat
1000 1641 1058 1726 frg.
1081 1643 1161 1709 436:
1184 1637 1299 1727 ἔγωγε

134 1745 219 1836 φημὶ
230 1746 284 1812 καὶ
295 1740 397 1830 νόμον
407 1768 440 1831 γε
452 1739 496 1832 ιιι)
508 1743 617 1828 σέβειν
628 1744 694 1811 κτλ.
708 1745 760 1828 (cf.
771 1744 831 1830 fug.
840 1747 926 1831 433),
938 1745 988 1812 cui
1000 1745 1132 1814 Senecae
1143 1746 1284 1815 Phaedra

135 1851 212 1917 nihil
237 1850 319 1916 cedit
343 1849 457 1915 auctrici
478 1848 662 1932 disputanti,
686 1848 763 1932 qnid
785 1849 832 1914 fus
854 1848 897 1914 sit
914 1868 952 1916 ac
965 1849 1082 1930 deceat,
1099 1849 1284 1933 respondeas

136 1969 165 2015 ι.
186 1953 262 2015 218:
283 1948 416 2015 ‘amoris
439 1949 471 2013 in
494 1966 544 2014 me
565 1949 736 2012 noxinnnn
751 1967 880 2031 rognum
904 1939 1003 2030 pnto'.
1039 1949 1156 2016 lladem
1170 1949 1203 2014 in
1217 1949 1285 2031 ipsa

136 2049 236 2130 prima
259 2046 421 2129 Hippolyti
446 2045 684 2127 compellatione
705 2045 778 2110 deos
799 2046 924 2111 invocat
946 2066 975 2112 v.
997 2049 1073 2111 604:
1094 2040 1168 2112 ‘vos
1187 2049 1284 2111 testor

135 2163 242 2208 omnes
266 2143 401 2221 caelites,
434 2143 493 2206 hoc
519 2142 601 2224 qnod
624 2132 710 2206 volo'
737 2175 779 2188 -
807 2143 963 2224 suppleas:
998 2160 1048 2206 me
1077 2143 1185 2219 nollo,
1201 2143 1284 2225 qnod

134 2243 229 2307 otiam
252 2240 394 2306 nonnulli
419 2240 538 2304 codices
562 2239 719 2323 praebent.
779 2239 887 2323 Neque
919 2240 1042 2308 Milesia
1074 2240 1178 2324 petrella
1211 2243 1284 2307 deos

136 2361 194 2406 non
217 2341 353 2406 testatur
375 2340 541 2422 omniaque
562 2358 594 2402 se
617 2338 724 2404 fecisse
744 2338 862 2418 scribit,
888 2341 924 2402 ut
944 2340 1070 2405 tandem
1085 2338 1191 2406 sanior
1204 2341 1284 2405 esset

135 2460 164 2506 ν.
187 2442 243 2504 541
271 2440 357 2522 sq.¹;
379 2438 543 2522 subiungit
565 2457 594 2504 ιι.
616 2438 693 2502 543:

333 2537 533 2621 pugnavique
554 2537 607 2602 din
631 2538 768 2626 violenta
790 2536 953 2620 Cupidinis
974 2557 1063 2604 arma

334 2637 469 2720 effingere
489 2636 605 2717 infelix,
628 2638 760 2722 utplus,
786 2657 881 2721 qnam
904 2635 983 2704 ferre
1005 2638 1140 2722 puellam

333 2757 421 2819 pesse
443 2739 540 2819 putes,
563 2752 621 2822 ego
642 2738 721 2804 derra
742 2738 802 2804 tuli
825 2759 850 2805 e.
873 2759 903 2822 q.
925 2757 949 2803 s.
1055 2803 1057 2808 ,
1142 2789 1145 2794 .

134 2840 235 2921 Qunam
251 2838 375 2921 quidem
389 2857 526 2920 pugnam
539 2838 613 2902 item
629 2836 732 2903 Ovidii
747 2837 891 2903 Phaedra
913 2837 1014 2903 obiter
1036 2838 1141 2921 tangit
1164 2857 1193 2904 u.
1207 2838 1283 2915 1513

61 2957 67 2966 ·
133 2940 186 3006 aed
218 2939 320 3004 murlta
344 2939 391 3004 est
417 2938 449 3003 in
479 2957 517 3004 ea
544 2937 739 3021 depingenda
766 2937 923 3021 llinipidis
952 2937 1052 3004 altera
1078 2937 1220 3004 Phaedra
1251 2955 1281 3004 v.

84 3089 86 3094 ,
133 3043 196 3108 388
214 3061 260 3125 sq.
283 3039 396 3105 —Hic
419 3041 523 3106 autom
546 3038 719 3122 paullulum
742 3038 957 3105 subsistemus.
998 3039 1084 3108 Nam
1101 3038 1285 3104 Alexandri·

135 3162 206 3208 nam
228 3143 326 3208 artem
350 3140 433 3225 apud
448 3140 605 3206 Nasonem
620 3139 735 3223 passim
757 3139 939 3236 delitescere
955 3139 1009 3224 qni
1026 3139 1163 3206 ineundum
1177 3138 1283 3222 sensit,

133 3244 273 3310 ceriferat
295 3261 366 3309 crum
389 3242 528 3308 versibus
551 3241 641 3308 modo
671 3241 807 3307 laudatis
829 3241 1033 3308 Parthenium
1057 3244 1133 3310 eret
1158 3242 1216 3308 ll:
1250 3234 1281 3306 oi

133 3343 170 3409 de*
192 3343 327 3422 calcians·
347 3337 405 3433 τὴν
421 3341 567 3423 ,Βιβλίδα
588 3341 689 3428 φασὶν
711 3339 910 3423 ἐρασθεῖσαν
931 3341 991 3408 τοῦ
1014 3336 1146 3407 Καύνου
1168 3335 1285 3428 λόγους

133 3435 226 3534 αὐτῷ
255 3441 478 3534 ιιροςιιιέρειν8
505 3442 559 3509 καὶ
587 3443 720 3509 deludor
742 3436 787 3532 μι)
816 3443 979 3527 περιιδεῖν
1009 3431 1110 3510 ericio
1134 3437 1184 3523 εἷς
1216 3441 1284 3507 πᾶν
1399 3509 1402 3514 ,

237 3599 361 3671 ¹Byblis
387 3599 516 3670 precibus
540 3598 597 3654 suis
621 3596 701 3668 quasi
727 3596 873 3670 fastigium
902 3597 1022 3670 imponit
1048 3597 1142 3654 verbis
1168 3615 1196 3654 v.
1215 3598 1282 3653 aar:

129 3687 283 3745 ‘miserere
301 3687 417 3745 fatentis
435 3683 588 3757 amorcm';
614 3687 712 3743 cadem
730 3705 839 3749 summa
858 3687 1013 3744 novercalis
1032 3685 1233 3746 obsecrationis
1254 3689 1283 3743 in

131 3781 226 3852 priore
245 3778 399 3851 llippolyto
418 3777 474 3833 fuit
491 3777 537 3850 (cf.
555 3793 641 3849 supra
657 3793 685 3848 p.
706 3777 762 3848 ee).

234 3867 358 3927 ¹Verbo
384 3864 470 3942 λόγον
489 3867 536 3926 vcl
562 3863 659 3941 λόγους
686 3871 852 3944 προςφέριιν
878 3867 924 3926 vel
948 3873 1142 3944 προςπίμπειν
1167 3866 1282 3942 proprie

101 4012 103 4017 .
133 3960 303 4018 adhibentur
325 3960 354 4018 in
379 3960 482 4018 ameria
510 3959 715 4035 significatione
736 3960 796 4018 aiva
814 3959 850 4017 ab
873 3959 934 4033 ipse
951 3965 1080 4018 amatore
1096 3958 1156 4018 eive
1173 3977 1225 4034 per
1242 3959 1281 4016 al·
1365 3999 1372 4012 .

135 4057 226 4110 teram
245 4070 393 4124 personam
411 4050 503 4122 fecta3
528 4052 563 4109 cf.
581 4056 650 4126 Arg.
669 4051 739 4109 Eur.
756 4051 832 4124 Hip..
851 4051 984 4110 Parthen.
1006 4055 1048 4124 1⁷,
1065 4054 1170 4110 Antan.
1188 4050 1282 4110 Liber.

132 4140 460 4212 34,Ap0110d.11,e.2
488 4140 539 4210 ΙΙΙ,
560 4141 601 4198 13.
621 4145 646 4204 3,
674 4141 802 4213 Xenoph.
819 4141 921 4213 Ephse.
940 4141 991 4211 111,
1012 4143 1045 4197 12
1073 4140 1121 4212 lv,
1139 4143 1165 4211 d,
1192 4139 1282 4213 Leng.

132 4230 206 4286 Paet
220 4229 270 4294 ΙΙΙ,
284 4230 328 4285 fd.
347 4257 374 4272 ·-
391 4228 507 4285 Luciam
524 4229 600 4285 dcer.
613 4230 680 4286 dial.
690 4228 736 4297 ΙΙΙ,
750 4231 782 4286 aa
801 4229 976 4300 Ganymedea
988 4229 1176 4286 amatorculuo
1188 4229 1282 4302 primo

130 4325 257 4392 nugatur
274 4322 386 4375 tontum
404 4321 468 4375 cum
483 4319 602 4389 lunono;
621 4324 764 4391 postremo
783 4319 870 4377 etiam
888 4320 973 4377 audet
990 4312 1088 4392 λόγους
1105 4321 1282 4394 προςφίρειν.

132 4409 187 4466 Sed
205 4415 271 4466 anta
288 4407 511 4464 Alexandrinum
532 4413 642 4480 tompus
660 4409 819 4480 exemplum
837 4426 894 4465 nen
912 4407 1015 4466 inveni.
