2982 5006
167 538 252 618 (Seu.
263 559 293 604 r.
305 536 382 622 669)
402 539 436 604 et
454 537 624 604 artificiose
644 536 894 622 prasterrebitur
913 537 1078 622 unguinis
1099 537 1248 606 offensam
1270 538 1319 606 fa·

168 642 286 706 mulam
304 659 340 706 se
360 639 465 705 666661
486 638 581 704 mlle
597 638 703 704 effata.
731 636 887 704 ovidiana
903 637 1008 720 puella
1021 638 1125 703 mittit
1138 639 1316 722 epistulam,

166 741 322 826 repulsam
342 739 418 816 fert3
438 739 502 804 iam
524 737 592 822 ipsa
611 741 753 804 amatum
775 739 906 804 fratrem
927 737 1015 804 adire
1035 741 1176 823 eonatur,
1198 758 1318 806 namso

167 862 229 907 666
261 860 349 925 pomo
379 840 456 905 nibil
488 840 680 906 eommisime
712 839 880 905 nefandum
918 857 1018 924 neque
1047 839 1206 906 innoxiam
1238 840 1316 922 diei,
1404 839 1410 860 ‘

165 944 349 1008 1666661666
369 960 436 1006 mse
456 939 651 1005 voluntatem
673 941 719 1020 (6.
740 941 804 1005 626
818 939 938 1023 6661.
960 959 990 1004 r.
1012 939 1075 1006 618
1089 939 1163 1024 sq.).
1194 939 1316 1006 Similis

166 1042 318 1128 cogitatio
339 1061 502 1108 noveram
523 1041 620 1123 subit,
646 1041 701 1106 ubi
722 1043 794 1124 post
814 1042 946 1107 nutriris
967 1041 1122 1124 repulsam
1145 1043 1177 1106 16
1199 1061 1236 1108 eo
1257 1044 1314 1120 est

166 1146 203 1208 ut
232 1143 301 1226 ipsa
332 1143 433 1208 flium
463 1141 578 1207 blando
609 1140 749 1224 alloquio
783 1144 990 1224 prosequatur
1020 1141 1092 1208 Son.
1118 1161 1148 1208 r.
1169 1144 1233 1206 594
1251 1161 1315 1224 sq:

161 1235 690 1324 ‘magmqarssoelefismeiolim
705 1243 833 1323 pometa
848 1243 912 1316 mt3
937 1243 1085 1306 senmmt
1099 1241 1188 1306 uobis
1202 1241 1316 1324 pudor:

80 1370 84 1374 ²
165 1342 351 1420 Amavimus
364 1331 522 1407 nefanda'.
545 1340 682 1406 Bandem
696 1340 809 1406 deinde
823 1340 1059 1407 6661661166666
1073 1343 1149 1405 ante
1161 1339 1313 1406 inuestem

164 1441 433 1520 eommittendnm,
464 1459 558 1521 quam
580 1437 698 1504 866666
719 1439 881 1504 Phaedrae
910 1459 941 1504 6.
963 1440 1037 1516 637,
1069 1437 1201 1505 Ouidius
1223 1438 1315 1504 16116-

164 1543 229 1606 siae
259 1541 381 1622 ymeBae
413 1538 540 1620 affingit
569 1557 598 1602 r.
621 1540 694 1602 631.
747 1538 856 1621 Byblis
879 1541 985 1603 autom
1014 1557 1048 1602 se
1079 1537 1149 1619 ipsa
1175 1539 1314 1614 aoensat,

164 1640 248 1726 quod
269 1660 330 1706 non
351 1641 436 1704 reeta
456 1638 509 1703 ria
529 1637 570 1703 ad
594 1637 722 1704 fratrem
749 1639 954 1716 6661661611,
983 1639 1037 1705 sed
1066 1638 1219 1723 epistulae
1240 1641 1314 1705 uota

164 1742 345 1823 crediderim
377 1741 452 1825 quia
473 1741 565 1824 plura
585 1739 672 1824 loqui
695 1742 856 1825 potuisset,
891 1761 987 1826 quam
1008 1761 1089 1826 quae
1109 1741 1244 1808 tabellae
1262 1757 1313 1806 os·

164 1845 290 1929 pissent
332 1844 431 1910 Addit
450 1861 480 1908 6.
502 1844 565 1908 6115
586 1862 648 1926 sq.:

361 1945 462 2009 inrito
482 1943 570 2025 potui
590 1941 785 2007 6666661666
807 1941 952 2006 braoebia
973 1943 1056 2007 eollo

363 2043 405 2118 et,
425 2042 453 2105 si
474 2043 613 2118 66166666,
635 2040 723 2120 66161
746 2040 899 2104 moritura
922 2040 1020 2104 rideri

360 2138 569 2218 amplectique
590 2137 681 2218 pedes
700 2135 874 2217 adfusaque
894 2154 1018 2216 posoere
1039 2137 1150 2201 vitam.

163 2236 251 2316 Quae
276 2235 399 2300 Milesia
429 2235 533 2316 puella
560 2235 823 2312 solemnissimo,
860 2234 969 2298 iisdem
1005 2234 1128 2299 blandis
1159 2233 1337 2304 1116661616,

164 2332 273 2398 (tressa
293 2333 406 2398 mulier
426 2333 572 2415 fungitur
593 2334 627 2397 16
644 2352 682 2397 ea
696 2333 856 2397 Romanae
876 2333 1056 2414 tragoediae
1076 2351 1197 2411 666666,
1216 2352 1311 2415 quam

164 2453 238 2516 pme
257 2433 368 2498 esteris
382 2432 501 2498 Graeoo
516 2434 607 2514 66616
620 2432 750 2515 dignam
764 2432 848 2498 duxi.
883 2432 966 2496 Nam
991 2432 1107 2497 66616111
1126 2432 1186 2498 sibi
1207 2452 1238 2498 6.
1249 2433 1312 2496 596

162 2535 196 2597 61
214 2533 300 2597 solor
320 2533 414 2597 morti
436 2532 548 2596 similis
568 2550 623 2597 ora
644 2531 774 2596 obducit
795 2550 825 2596 r.
845 2533 918 2614 586,
943 2531 1080 2613 privigni
1102 2531 1235 2614 genibus
1255 2530 1313 2596 ad·

164 2630 302 2696 soluitur
333 2651 363 2696 6.
384 2632 456 2696 667.
483 2631 556 2710 703,
588 2631 665 2698 adeo
692 2630 844 2696 braeehiis
870 2649 942 2696 oum
969 2631 1172 2714 ampleotitur
1204 2649 1232 2697 6.
1248 2629 1311 2696 705

162 2731 215 2813 (ef.
229 2751 325 2816 supra
345 2753 375 2816 p.
385 2731 452 2816 35).
494 2732 616 2797 Adfusa
637 2733 743 2797 autem
765 2751 827 2797 uon
850 2732 960 2811 vitam,
984 2732 1038 2798 sed
1063 2734 1195 2798 mortem
1211 2732 1312 2814 poscit

161 2848 193 2895 6.
214 2831 354 2915 111166,
381 2833 494 2914 quippe
514 2831 565 2897 eni
590 2832 692 2898 ominis
712 2851 780 2915 spes
796 2832 912 2897 1666166
936 2832 988 2898 sit
1017 2833 1202 2916 Porinsiguo
1215 2832 1311 2897 etiam

160 2931 204 3005 id,
228 2931 312 3014 quod
335 2932 444 3016 Byblis
464 2931 544 2997 dioit
564 2950 594 2999 u.
616 2934 677 2998 511
700 2952 763 3017 sq:

310 3033 337 3098 si
360 3036 466 3099 tamen
488 3034 554 3118 ipse
574 3054 643 3101 meo
663 3038 774 3118 mptus
798 3033 882 3117 prior
905 3037 985 3100 esset
1004 3053 1120 3114 amore,

310 3134 442 3200 forsitan
463 3134 549 3200 illius
573 3153 694 3218 possem
714 3134 878 3216 indulgere
900 3135 1007 3200 166661.

1313 105 1317 112 ’
1416 217 1468 372 l

162 3231 245 3300 Bam
267 3255 330 3320 quo
351 3237 416 3304 alio
437 3257 527 3304 seusu
550 3237 693 3305 Phaedra
714 3239 746 3304 et
772 3237 877 3303 nutrix
903 3236 1162 3304 fascinationibus
1185 3255 1310 3322 operans
1418 3325 1436 3333 ,.

162 3340 291 3419 navant,
313 3337 373 3402 uisi
394 3342 432 3404 61
451 3342 576 3405 amatus
597 3340 718 3405 iuuenis
739 3340 823 3422 prior
844 3339 1010 3421 eapiotur?
1052 3339 1159 3421 Atque
1180 3339 1256 3404 odeo
1278 3338 1311 3402 iu

162 3434 342 3505 Corouiforo
357 3425 507 3506 'similem
533 3440 664 3506 vetitam
693 3458 778 3524 spem
805 3439 980 3506 Phaedram
1014 3438 1122 3504 furtim
1152 3438 1312 3524 66661666

162 3537 284 3604 ostendi
297 3539 340 3625 (p.
351 3541 473 3626 2llsq.).
506 3541 649 3610 06166666
665 3542 697 3608 16
713 3562 820 3627 pugna
835 3543 944 3608 eontra
959 3559 1095 3608 umorem
1110 3541 1312 3609 describenda

161 3641 195 3706 et
216 3639 347 3709 Ouidius
369 3645 401 3710 61
424 3645 585 3730 Euripides
606 3644 700 3711 666111
722 3647 806 3710 suunt
852 3645 892 3710 llt
914 3643 1024 3728 Byblis
1044 3644 1076 3708 iu
1100 3643 1312 3710 inconstantia

162 3740 316 3811 desidema
335 3740 519 3831 abripuere
536 3744 615 3832 ‘quo
641 3736 739 3814 feror'
759 3766 789 3813 6.
811 3746 874 3813 510
896 3738 976 3830 ‘quo
1003 3745 1103 3813 labor’
1132 3764 1162 3812 6.
1184 3746 1256 3833 521,
1278 3747 1311 3814 61

161 3840 315 3934 Phaedra,
336 3848 526 3919 moderatior
544 3850 602 3920 illa
623 3850 747 3938 quidem
763 3849 818 3936 (of.
833 3849 904 3921 Son.
923 3849 983 3917 112
996 3868 1054 3937 sq,
1076 3848 1150 3916 nur.
1166 3849 1228 3916 239
1240 3850 1308 3936 sq).

260 3951 333 4038 lpsa
353 3955 459 4023 autem
481 3955 630 4044 Byblidos
651 3955 791 4046 epistula¹
805 3954 946 4042 apertam
971 3950 1210 4022 similitudinem
1236 3971 1310 4038 prae

161 4073 196 4121 se
214 4053 277 4122 fert
296 4075 368 4125 enm
390 4061 505 4143 quarta
519 4061 653 4144 epistula
667 4060 813 4127 Heroide
850 4059 1023 4143 Utramque
1037 4056 1196 4125 beroinam
1211 4055 1311 4140 pudor

160 4155 302 4240 impedit,
324 4160 490 4242 quominus
505 4160 660 4245 oolloquio
675 4162 844 4241 fateantur,
866 4160 942 4243 quid
959 4160 1039 4225 votis
1055 4157 1214 4241 expetaut3
1237 4175 1310 4224 oon·

161 4255 290 4342 fugiunt
309 4259 352 4326 ad
373 4259 498 4328 litteras
513 4261 598 4343 (1161.
609 4264 672 4330 515
682 4281 739 4345 sq..
760 4259 947 4344 Her.9sq.).
969 4257 1030 4326 Sed
1051 4258 1150 4343 primo
1164 4257 1312 4326 dubitant
1364 4339 1366 4342 ¹

156 4358 296 4427 seribere
315 4361 374 4443 (11.
394 4365 468 4444 523,
488 4363 530 4431 B.
554 4363 628 4449 13);
646 4365 689 4432 ab
709 4361 815 4430 6661666
837 4361 993 4430 sententia
1013 4359 1123 4429 deindo
1144 4359 1310 4429 ordiuntur
