2982 5006
711 303 745 358 Bi

156 471 382 543 Callimachum
409 473 511 559 ipsum
539 473 568 542 ei
593 473 633 543 ad
657 492 768 543 manns
795 473 891 543 inisse
917 474 1015 542 nolim
1036 474 1211 544 existimare
1232 493 1307 560 pro·

158 577 274 661 pterea,
300 573 382 661 quod
407 575 474 642 lnee
497 593 627 661 poenam
648 577 871 644 commemorat
884 575 926 656 (v.
942 576 1003 644 770
1016 576 1088 663 sq),
1110 593 1171 662 qua
1187 576 1309 662 Iupiter

155 676 375 762 Aesculapium
398 676 512 759 allicit3
545 678 656 744 tritum
688 678 752 744 iam
780 677 853 744 inde
879 679 918 746 ab
945 679 1084 764 antiquis
1112 677 1305 764 temporibus

155 779 382 856 ornamentum,
404 777 498 861 quale
513 778 674 846 Battiades
696 777 822 846 silentio
844 779 1011 863 praeterire
1032 779 1161 846 sciehat.
1193 777 1304 862 Neque

156 876 315 961 prohabile
337 878 385 943 eet
406 877 539 962 Vergilii
561 879 835 946 commentatorem
858 879 958 963 ipsum
975 877 1201 946 Callimachum
1215 897 1302 944 com·

156 977 276 1063 pilasse.
320 977 366 1046 At
388 977 642 1047 Varronis·aetia
665 981 775 1066 quieter
796 979 907 1049 laudat
939 977 993 1066 (ci.
1017 979 1166 1048 Mercldin
1187 978 1302 1049 Philol.

154 1079 201 1147 llI
223 1101 252 1165 p.
271 1082 333 1148 272
354 1081 430 1167 sq.);
461 1081 554 1150 semel
580 1082 626 1149 sic
645 1083 739 1165 (Aen.
759 1082 784 1168 1,
805 1083 897 1165 408lz
927 1077 1033 1150 ‘cuiuis
1060 1082 1104 1149 rei
1130 1075 1169 1146 ni
1194 1073 1302 1147 αἴτιον

155 1182 176 1250 i.
199 1202 224 1250 e.
247 1202 374 1251 eausam
397 1183 496 1252 Varro
529 1181 756 1252 Callimachum
789 1185 913 1252 meriture
944 1183 1105 1271 exposuit'.
1146 1184 1186 1252 In
1215 1203 1302 1252 com·

155 1285 308 1351 mentatio
329 1287 433 1352 arrtem
457 1284 497 1352 ud
521 1288 662 1352 nostrum
684 1285 787 1352 locum
803 1286 1031 1352 Varroniannm
1047 1285 1221 1354 doctrinam
1237 1286 1303 1353 ior·

154 1385 330 1467 usucapio
343 1385 443 1452 Virbii
460 1386 593 1452 nominis
614 1406 633 1452 a
648 1380 714 1450 ‘bis
729 1377 792 1451 vir'
806 1385 958 1452 derivatio
972 1389 1068 1470 atque
1080 1386 1175 1453 etiam
1190 1387 1303 1470 magis,

155 1487 236 1569 qnod
259 1486 386 1552 Virbius
409 1506 520 1553 numen
544 1486 743 1553 coniunctum
768 1486 888 1552 Dianae
908 1488 1037 1552 uocatur
1058 1485 1153 1569 (idem
1169 1485 1208 1552 ad
1224 1491 1302 1553 Aen.

99 1587 102 1597 '
155 1585 300 1670 Vi‚14);
335 1609 406 1654 nam
430 1588 579 1654 Varronis
596 1587 775 1654 testimonia
797 1588 835 1653 dc
859 1587 986 1654 deornm
1015 1587 1179 1673 generibus
1200 1588 1232 1653 et
1252 1585 1303 1652 in·

155 1686 225 1753 dole
247 1687 372 1753 Servius
394 1706 455 1752 non
477 1687 570 1754 serrrel
590 1690 714 1754 tantum
730 1687 961 1754 commentariis
975 1688 1105 1753 insernit
1120 1687 1174 1766 (ei.
1186 1687 1304 1752 Merkel

153 1788 236 1855 Prol.
252 1808 280 1872 p.
293 1788 488 1874 CLXXXV).
524 1788 615 1874 Apud
629 1789 775 1856 Ovidium
799 1807 870 1855 vero
888 1787 1080 1874 Hippolytus
1100 1787 1139 1854 de
1159 1805 1192 1853 ae
1212 1805 1304 1870 prae·

152 1889 239 1954 dicat
262 1889 336 1955 Met.
359 1890 429 1972 XV,
452 1891 515 1954 545
536 1909 604 1974 sq:

303 1991 361 2056 hoc
382 2010 490 2058 nemus
511 1990 583 2057 inde
604 1991 682 2070 eolo,
706 1989 744 2056 de
765 1989 874 2075 disque
896 1988 1068 2057 minoribns
1089 2008 1169 2056 unns

302 2090 429 2155 numine
449 2089 508 2155 surb
527 2090 670 2155 dominae
691 2091 774 2155 lateo
795 2091 890 2172 atquc
909 2107 1072 2157 accenseor
1091 2087 1149 2152 illi.

155 2187 242 2252 Unde
266 2207 395 2271 pronum
425 2189 474 2254 est
500 2189 647 2272 colligere
680 2187 792 2254 Ouidio
824 2189 947 2271 praeter
969 2186 1196 2253 Callimachum
1218 2186 1301 2251 Var-

153 2307 257 2356 ronem
282 2289 313 2355 in
337 2291 481 2375 promptu
502 2289 604 2357 finisse.
636 2289 795 2356 Nimirum
817 2289 898 2356 idern
925 2285 1150 2374 antiquitatum
1175 2284 1301 2372 peritis·

150 2392 248 2457 cinnes
277 2392 410 2475 scriptor
440 2392 579 2458 subsidia
607 2411 772 2477 suggerere
798 2393 900 2474 potnit
922 2389 1014 2457 altcru'
1037 2391 1201 2457 Fastorum
1229 2389 1299 2456 loco

60 2519 62 2524 ·
150 2491 222 2567 (lii,
244 2493 380 2576 261qu
403 2491 586 2572 exornando,
610 2510 671 2576 qno
694 2493 785 2576 poeta
804 2491 835 2556 in
859 2490 950 2557 vallis
966 2490 1112 2558 Aricinae
1132 2491 1229 2557 moris
1249 2489 1299 2555 in·

4 2594 7 2601 '
149 2593 271 2659 stitutis
293 2593 489 2660 illustrandis
511 2594 706 2661 immoratur.

248 2695 317 2761 Iam
339 2714 411 2762 nero
434 2714 582 2779 (placerene
608 2697 738 2780 oportet,
771 2714 846 2760 num
873 2695 905 2760 in
935 2694 1006 2760 aliis
1029 2692 1297 2776 iabnlisluteant,

149 2815 229 2880 cquae
250 2796 290 2862 ad
319 2800 442 2862 nostrae
467 2796 621 2880 exemplar
647 2796 688 2863 ab
709 2795 857 2880 Buripide
883 2795 1075 2881 propositum
1103 2791 1296 2860 conformata

148 2897 222 2963 sint.
266 2899 303 2963 In
326 2917 388 2982 qna
409 2898 588 2982 quaestione
604 2897 734 2964 Ovidius
750 2897 1031 2966 Alexandrinonrm
1051 2894 1169 2964 assecla
1190 2913 1296 2961 nrrsns

147 2999 308 3084 aptissime
337 2999 420 3066 vianr
453 2999 630 3084 patefaciet,
663 3020 725 3086 qua
750 3003 818 3067 tuto
840 2999 881 3068 ad
903 3018 1018 3085 prarrcas
1042 2997 1139 3083 ipsine
1163 2995 1298 3062 Alexan·

147 3101 255 3170 drinm
276 3101 375 3188 poesis
396 3103 544 3190 reliquias
567 3103 710 3190 progredi
732 3102 896 3189 possimus.
939 3101 1021 3171 Nam
1046 3098 1194 3186 Byblidos
1209 3097 1297 3185 ilyr-

128 3205 282 3292 vrhacqno
303 3207 418 3275 iabnlis
440 3227 458 3275 a
480 3208 570 3293 poeta
587 3207 727 3275 Romano
750 3206 817 3274 insse
838 3189 983 3273 tractatis
999 3203 1165 3272 manifesta
1178 3199 1295 3268 indicia

146 3306 244 3376 inesse
276 3309 438 3391 contendo,
472 3329 551 3394 qnae
583 3309 765 3376 memoriam
798 3306 983 3392 Burripidcac
1015 3307 1133 3389 Musae,
1169 3303 1293 3388 qualem

66 3417 70 3427 '
147 3409 349 3478 Alexandrini
381 3412 414 3478 in
446 3410 567 3479 deliciis
597 3410 774 3494 habuerint,
808 3409 896 3476 nobie
926 3408 1067 3476 ailemnt
1121 3406 1168 3474 Ba
1195 3403 1295 3490 igitur

145 3512 292 3578 subtilius
324 3515 551 3594 consectemur,
593 3531 674 3596 qnae
705 3511 877 3578 Ovidienae
910 3509 1060 3598 Byblidos
1092 3503 1294 3589 descriptioni

145 3613 236 3694 (Met.
258 3613 313 3693 IX,
334 3615 397 3680 447
419 3613 480 3699 sq.)
507 3633 579 3680 cnm
605 3613 749 3682 Phaedra
772 3613 914 3693 Senecae,
947 3630 1039 3698 quem
1066 3610 1294 3696 quadamtenus

146 3712 179 3778 in
201 3715 359 3800 Buripidis
380 3715 484 3782 locum
506 3715 668 3782 succedere
686 3733 773 3799 posse
788 3713 927 3799 probavi,
948 3713 998 3781 nel
1020 3731 1092 3779 cum
1111 3709 1188 3795 ipsis
1202 3707 1295 3774 Buri·

144 3812 226 3897 pidis
247 3814 363 3881 iabnlis
384 3817 581 3884 conveniant.
685 3887 686 3892 ,

144 3999 146 4002 ¹
245 3915 364 3982 Narrat
385 3915 524 3997 Ovidius,
558 3917 712 4002 quomodo
735 3917 844 4002 Byblis
864 3916 978 3983 intima
1000 3933 1072 3982 curn
1095 3911 1201 3981 Cauno
1223 3928 1295 3977 ver·
1377 3965 1386 3979 .

143 4014 235 4081 sandi
264 4015 487 4082 consuetudine
511 4016 681 4100 patefaciat
707 4021 850 4084 aestuare
870 4034 903 4083 se
923 4016 1009 4081 intus
1030 4033 1061 4081 r.
1074 4014 1138 4082 466
1151 4027 1214 4098 sq:

244 4114 307 4180 iarn
328 4113 489 4181 dominum
511 4116 659 4200 appellat,
684 4115 748 4183 iam
771 4116 897 4182 nomina
919 4111 1081 4198 sanguinis
1103 4113 1180 4198 odit,

236 4214 379 4300 Byblida
401 4215 464 4282 iam
487 4215 609 4282 mavult
628 4235 722 4300 qnam
744 4235 777 4284 se
799 4217 888 4282 nocet
908 4215 962 4282 ille
982 4231 1120 4281 sororem

58 4345 60 4354 ·
144 4315 196 4396 (ci.
207 4333 236 4382 r.
246 4316 333 4394 531).
355 4315 472 4402 Eodem
487 4334 579 4382 sensu
591 4315 733 4383 Phaedra
747 4316 894 4384 abhorret
908 4335 927 4384 a
942 4313 1033 4382 iatali
1048 4311 1158 4381 matris
1168 4310 1292 4379 nomine
