2974 5030
648 272 749 342 ,ιι

29 456 34 473 .
156 437 237 504 libro
266 436 319 518 (X,
342 437 404 504 298
423 439 485 524 eq.)
513 439 664 507 centeuit
716 440 846 526 Myrrha
872 443 981 530 igitur,
1014 445 1065 514 cui
1096 445 1161 532 ipue
1187 447 1305 534 Cupido

12 599 31 618 ,,
155 556 212 606 sue
233 538 297 614 tels
319 538 458 606 nocuisse
479 541 574 624 uegut
596 559 625 607 r.
647 543 707 609 311
730 561 777 627 sq.
789 543 811 628 ¹,
844 545 880 610 ut
900 544 1042 614 Phaedre
1063 547 1118 626 (ci.
1135 549 1210 616 Itur.
1230 550 1304 635 Hip.

155 639 218 705 392
240 640 302 726 sq.)
322 639 412 708 foedo
434 641 533 708 emori
558 660 731 728 repugnare
750 643 857 713 studet
878 665 906 714 r.
929 647 991 714 319
1012 667 1069 733 sq„
1090 649 1144 717 sed
1165 669 1236 718 mer
1256 649 1301 718 iu·

156 739 240 807 ceste
262 741 335 806 uots
356 741 521 824 retractem
544 743 635 810 mede
656 743 780 811 sceleris
802 749 917 830 pestem
943 750 1017 814 ente
1039 749 1144 816 ocules
1170 751 1303 834 pedum

155 841 291 926 effugere,
316 841 394 917 uult
424 841 571 909 meddin
598 860 633 910 ec
660 845 717 928 est,
749 847 786 911 ut
810 847 895 932 turpi
917 847 1082 931 cupiditati
1105 867 1216 917 merrus
1239 850 1302 920 det.

11 943 12 976 ³
154 939 208 1010 Sic
221 941 306 1010 inter
327 961 412 1027 spem
432 943 465 1009 et
487 943 694 1011 conscientiae
714 945 870 1014 cruciatus
892 945 1026 1014 fluctuet
1047 967 1145 1034 neque
1165 949 1231 1018 ulle
1253 970 1305 1019 er·

10 1043 11 1082 ³
153 1043 361 1128 gumeuteudi
392 1042 514 1110 ratione
546 1044 734 1112 consistendi
769 1045 871 1114 lecum
903 1048 1038 1131 incenit3
1071 1049 1203 1136 denique
1227 1044 1303 1120 ‘nec

154 1145 264 1212 medus
288 1146 320 1212 et
341 1145 472 1230 requies,
506 1143 566 1212 nisi
595 1163 688 1226 mers,
723 1147 875 1231 reperitur
902 1149 1029 1217 emeris.
1069 1149 1157 1226 Mers
1186 1141 1303 1237 plecet'

153 1264 183 1314 u.
206 1245 268 1314 378
289 1265 335 1331 eq.
362 1245 504 1314 Pireedre
526 1247 573 1316 ite
595 1247 689 1314 murti
713 1248 872 1332 praefatur
893 1250 967 1317 Eur.
987 1251 1061 1338 Hip.
1077 1253 1113 1321 u.
1134 1252 1196 1320 398
1217 1271 1282 1338 sq:

303 1391 343 1463 τὸ
365 1391 523 1482 δεύτερον
543 1397 579 1464 δὲ
599 1393 659 1488 τὴν
678 1398 792 1466 ἄνοιαν
813 1385 850 1466 cui
871 1398 985 1488 φέρειν

300 1501 348 1588 uqi
367 1504 556 1589 σωφρονεῖν
577 1501 702 1569 νικῶσα
723 1498 986 1593 προυνοησάριην.

304 1599 417 1686 τρίτον
437 1603 477 1687 δ’,
498 1598 614 1693 ἐπειδὴ
635 1603 753 1674 τοισίδ’
775 1597 835 1674 oin
857 1600 1009 1695 ἐξήνυτον
1031 1646 1034 1654 ·

305 1699 440 1791 Κύπριν
460 1709 630 1794 κρατῆσαι,
654 1713 832 1776 κατθανεῖν
854 1705 949 1792 ἔδοξέ
967 1732 1026 1794 μοι

301 1803 476 1892 κράτιστον
495 1845 538 1860 -
560 1800 669 1890 οὐδεὶς
687 1799 818 1894 ἀντερεῖ
841 1845 880 1860 -
901 1803 1143 1895 βουλευμάτων.

152 1961 253 2044 Quem
287 1960 439 2030 moriendi
473 1963 678 2048 cupiditatem
715 1963 824 2030 nutrix
854 1962 996 2048 reprimit
1028 1963 1154 2049 quidem
1185 1953 1300 2048 postea.

150 2063 243 2148 Apud
269 2063 416 2132 Ovidium
452 2084 501 2132 res
532 2083 629 2151 usque
655 2065 695 2134 ed
720 2065 866 2150 lequeum
893 2065 979 2132 venit
1011 2083 1041 2135 v.
1068 2065 1130 2133 378
1156 2085 1218 2151 sq.;
1248 2066 1300 2133 sed
1434 2125 1440 2134 ,

149 2164 253 2232 nutrix
276 2166 445 2232 intervenit
480 2184 510 2233 r.
530 2167 592 2234 882
612 2187 658 2252 eq.
690 2201 731 2215 -
761 2165 979 2234 Perettentum
1009 2166 1113 2235 eutem
1147 2166 1239 2234 uelim
1269 2167 1300 2233 te

148 2267 254 2334 tencet
276 2286 312 2335 ee
334 2266 425 2349 retie,
449 2286 512 2354 que
526 2268 617 2353 pecte
633 2268 787 2336 nutricem
802 2267 984 2353 desperandi
999 2286 1125 2336 ceueem
1140 2269 1172 2335 et
1186 2266 1300 2336 emeris
1362 2349 1364 2354 Ι

148 2368 370 2436 cenfessionem
394 2389 429 2436 cx
451 2370 565 2455 puelle,
594 2389 674 2455 quee
697 2373 733 2437 ut
755 2369 898 2438 Pbeedre
919 2389 1057 2438 emerem
1079 2369 1299 2455 occultaverat,

148 2469 376 2554 exsculpeutem
398 2472 559 2556 propcuit;
581 2470 694 2556 quippe
708 2489 788 2557 quee
801 2470 969 2539 mcuiieste
984 2470 1024 2539 eb
1038 2470 1187 2556 Euripide
1205 2470 1299 2537 ductu

147 2568 200 2638 sit.
243 2569 360 2638 Nutrix
385 2570 470 2638 enim
498 2571 599 2639 instet
625 2571 762 2657 puellum
793 2590 917 2658 regens,
951 2572 988 2638 ut
1018 2570 1079 2639 sibi
1111 2570 1298 2655 committet,

149 2669 299 2755 quicquid
320 2670 426 2739 deieet
447 2691 476 2739 r.
498 2673 559 2740 391
582 2689 640 2755 sq,
671 2672 725 2741 sed
744 2670 816 2741 ‘iile
838 2675 1002 2758 regentem
1024 2673 1168 2740 euersete
1185 2661 1299 2757 gemit’

147 2788 177 2838 v.
200 2769 262 2838 393
283 2789 330 2857 sq.
365 2771 418 2840 Sic
439 2773 581 2842 Phaedre
603 2773 718 2842 acriter
739 2772 872 2841 imtsnti
894 2771 1010 2840 nutrici
1031 2771 1153 2859 gemitu
1173 2773 1297 2840 tentum

147 2874 312 2959 respondet
335 2874 409 2941 Eur.
425 2875 498 2960 Hip.
514 2877 591 2954 309;
614 2875 776 2944 Phaedrae
795 2875 877 2945 euim
900 2875 994 2943 verbe
1016 2875 1106 2944 sunt:
1128 2858 1156 2941 ὦ
1176 2867 1298 2941 τάλαιν’

147 2967 221 3060 ἐγώ.
264 2974 394 3043 Οιίιιιιιι
417 2977 532 3064 pergit:
563 2976 666 3045 ‘certe
696 2980 743 3045 eet
774 2978 932 3063 exquirere
963 2976 1069 3044 nutrix
1101 2976 1167 3045 Nec
1198 2977 1297 3044 solum

146 3075 296 3162 spondere
317 3067 436 3145 iidem'.
481 3077 649 3164 Euripiden
673 3079 779 3146 nutrix
806 3077 937 3146 eandem
958 3077 1178 3146 ceufidenticm
1203 3078 1298 3146 hebet

93 3249 95 3252 ,
145 3169 348 3348 ἶέῃξΘνὸιθιέιὲ
366 3173 431 3366 ριᾳῆν
451 3166 562 3269 ἀνήσω
584 3178 613 3264 γ’
634 3169 711 3246 udde*
731 3179 787 3245 νῦν
808 3176 1012 3263 προθυμίας.
1049 3177 1129 3247 Oret
1142 3178 1199 3246 ille
1211 3178 1300 3264 puel·

146 3463 345 3482 ..ιι-..-

246 3592 255 3628 ¹
274 3591 399 3648 Additur
418 3609 445 3648 v.
464 3589 518 3646 313
537 3607 594 3662 sq.=

261 3715 264 3722 ,
343 3680 441 3753 stipite
459 3685 487 3736 te
505 3679 603 3754 Stygio
623 3679 795 3752 tumidisque
813 3681 930 3740 ediderit
947 3679 1074 3739 echidnis

343 3786 359 3826 e
378 3768 469 3826 tribue
487 3787 544 3824 une
561 3787 650 3826 soror.

144 3859 272 3914 Acumen
293 3857 346 3913 hoc
364 3874 430 3914 vere
448 3857 671 3914 Alexeudrinum
689 3875 723 3915 ex
749 3857 846 3914 cedem
869 3856 1043 3929 imaginendi
1066 3856 1177 3912 reticue
1202 3859 1296 3912 crtum

143 3951 196 4014 est,
225 3963 259 4001 ex
280 3962 337 4016 que
354 3943 456 4016 Erinys
474 3945 593 4001 thelemi
618 3946 757 4017 pronuhe,
784 3941 895 4002 similis.
932 3945 975 4002 De
998 3944 1099 4016 quibus
1127 3941 1163 4000 ci.
1182 3943 1296 4015 Dilthey
1360 3973 1368 3987 =

143 4033 162 4089 l.
179 4034 198 4090 l.
222 4051 250 4106 p.
268 4033 312 4088 91.
335 4035 410 4088 Anu.
429 4032 495 4089 dell'
514 4033 583 4088 Inst.
604 4035 673 4090 1889
698 4051 726 4106 p.
745 4035 781 4089 94
798 4052 840 4106 sq.
859 4035 894 4088 42
911 4051 952 4104 sq.
989 4032 1086 4089 Simile
1113 4030 1182 4102 quid
1207 4031 1296 4087 isters

142 4119 255 4180 videtur
273 4121 302 4176 iu
321 4118 444 4177 Choricii
462 4121 556 4178 verbis
578 4121 660 4178 foede
679 4122 818 4178 mutilatis
838 4139 899 4179 esm
923 4139 1062 4191 sceenem,
1091 4119 1121 4179 in
1145 4137 1202 4190 qus
1226 4137 1296 4176 enus

141 4209 324 4282 Hippolytum
342 4208 409 4273 edit,
429 4208 652 4265 describentibus
671 4208 771 4281 (Beiss.
790 4226 819 4281 p.
841 4209 917 4281 idt):
936 4202 1064 4264 'tundier
1082 4247 1091 4265 .
1108 4244 1115 4263 .
1133 4245 1168 4263 ..
1190 4245 1199 4264 .
1222 4200 1294 4281 τάχα,
1414 4248 1419 4259 .

142 4296 266 4373 συμβαλῇ
281 4290 477 4371 αυνιριόμινον,
495 4292 529 4353 ὃν
547 4291 596 4353 οὖν
607 4289 702 4370 Ἔρως,
723 4295 761 4360 sic
778 4297 876 4365 ἔοικεν,
894 4292 953 4352 ἀλλ’
969 4292 1089 4369 Ἐριννὺς
1101 4335 1107 4353 .
1121 4333 1129 4352 .
1142 4333 1151 4352 .
1163 4331 1192 4352 ..
