2982 5006
726 245 762 300 oe

170 414 279 481 molles
299 417 418 483 erectus
439 415 471 484 in
482 406 600 497 auras',
622 416 705 501 quod
728 418 838 485 notatu
853 416 1000 502 dignum;
1022 415 1097 502 pario
1111 416 1177 484 lieri
1192 415 1318 502 quidem

169 515 281 597 potuit,
312 516 349 580 ut
376 516 523 600 imaginis
551 517 724 584 recordatio
753 518 876 600 poetam
903 518 943 583 ad
973 517 1054 583 hanc
1080 516 1235 583 fictionem
1257 516 1319 582 im·

168 612 305 698 pelleret,
337 615 420 699 quod
450 616 482 682 in
509 617 719 684 Alexandrina
745 617 829 701 poesi
860 617 943 683 haud
975 617 1069 684 semel
1103 617 1220 684 facturn
1254 635 1318 683 esse

168 715 303 780 constat
347 715 430 782 Nam
445 715 540 782 simili
556 717 647 784 modo
669 717 780 783 amari
805 735 964 801 emergens
985 717 1039 783 illc
1063 718 1118 784 hos
1140 716 1243 800 plotus
1270 717 1317 782 est
1418 739 1425 763 ⁸
1479 707 1480 768 ἶ

167 813 201 880 16
222 816 505 899 repraesentatione
527 817 637 884 mortis
658 817 821 903 Hippolyti
846 817 878 884 in
902 836 974 884 vase
989 818 1091 903 Apulo
1114 817 1245 886 Londiui
1266 836 1316 884 as·
1339 812 1342 818 ’

167 917 291 982 seruato
306 919 327 991 ¹,
364 916 448 1002 quod
480 920 638 1002 praeterea
670 918 807 985 ostendit
840 937 989 1004 equorum
1023 912 1144 986 idonce
1179 919 1317 985 hnmana

165 1016 267 1098 specie
301 1015 460 1100 indutam
497 1019 579 1086 uude
609 1019 701 1086 laoile
730 1038 880 1104 equorum
912 1019 1012 1087 iuriae
1043 1019 1139 1105 repeti
1177 1020 1317 1104 possunt,

166 1136 188 1182 a
220 1117 333 1201 quibus
358 1118 489 1186 Ovidius
521 1121 799 1199 (6666111265)
830 1122 953 1188 heroem
986 1123 1126 1187 nostrum
1160 1120 1317 1205 direptum

167 1216 272 1303 fingit.
326 1219 454 1288 Tacitus
481 1225 586 1288 autem
622 1221 750 1307 quidam
784 1241 891 1290 sensus
927 1222 1050 1302 suadet,
1089 1224 1125 1288 ut
1155 1222 1251 1291 etiam
1284 1221 1316 1289 in

167 1319 333 1408 Hippolyti
364 1322 468 1390 serbis
496 1324 552 1393 Ou.
582 1326 643 1391 514
669 1343 731 1409 sp:
764 1321 858 1392 ‘mini
893 1343 980 1392 mons
1012 1325 1158 1392 interrita
1190 1325 1318 1403 mansit,

167 1423 293 1490 Exsiliis
328 1425 474 1492 contenta
507 1427 582 1492 suis’
617 1425 863 1494 Alexandrinum
897 1427 1057 1493 auctorem
1091 1427 1189 1493 animi
1222 1427 1316 1494 adeo·

166 1524 237 1589 tum
268 1523 484 1608 depingentem
519 1544 697 1611 agnoscam.
753 1527 863 1595 Potuit
895 1527 1021 1612 quidem
1058 1527 1122 1594 iam
1157 1527 1314 1613 tragicum

167 1627 324 1712 exemplar
355 1626 452 1693 simili
483 1629 665 1695 ornamento
698 1627 799 1695 locum
834 1627 917 1713 dare,
950 1647 1020 1695 oum
1044 1626 1161 1697 Seneca
1181 1647 1211 1696 s.
1235 1629 1316 1697 1064

168 1731 276 1797 narret
295 1729 502 1817 Hippolytum
528 1730 628 1798 solum
657 1731 827 1798 immunem
858 1730 944 1798 metu
976 1732 1079 1799 luisse.
1122 1731 1159 1797 ln
1192 1731 1317 1797 serrata
1398 1816 1399 1821 Ἰ
1463 1815 1465 1818 ¹

168 1830 290 1900 Graeca
311 1831 419 1900 lahula
439 1831 519 1900 talia
540 1831 686 1900 desunti.
730 1833 832 1918 ipsam
855 1832 989 1918 denique
1018 1832 1173 1900 iabulamr
1205 1849 1317 1899 nouer-
1350 1876 1353 1881 -
1385 1837 1388 1844 '

168 1953 224 2003 cao
241 1953 378 2002 amorem
401 1932 459 2000 tilii
481 1933 641 2018 uirtutem,
657 1936 749 2020 poeta
764 1934 923 2004 Romanus
944 1934 976 2001 in
1000 1934 1223 2022 perangustum
1239 1951 1317 2019 pau·
1400 1922 1404 1932 '

168 2056 276 2106 corum
310 2053 454 2105 sonuum
487 2037 564 2120 (666
592 2035 651 2122 sq.)
670 2036 837 2107 ambitum
869 2037 1026 2106 coartavit
1057 2035 1256 2105 subtilitate
1285 2035 1318 2101 et

167 2137 327 2224 cogitatae
347 2135 496 2206 brevitati
517 2137 659 2216 studeusr
684 2157 782 2224 neque
803 2138 835 2206 iu
857 2158 892 2206 eo
914 2138 953 2206 ab
975 2136 1141 2222 exemplari
1163 2135 1316 2218 recedens,
1344 2223 1351 2231 ι

167 2241 321 2328 siquidem
343 2243 466 2327 poetam
490 2239 692 2328 cyrenensem
715 2243 824 2309 notum
846 2241 946 2308 estin
978 2240 1155 2308 tabularum
1186 2238 1317 2324 popula·

167 2345 251 2412 rium
271 2342 483 2412 illustratione
509 2344 671 2413 brevitatis
702 2365 792 2413 sirum
826 2347 1023 2431 praeceptum
1057 2361 1151 2429 quam
1184 2341 1317 2410 maxime

167 2447 378 2514 coenasset
421 2447 533 2533 ltaque
555 2448 815 2515 consimillimum
837 2449 885 2515 ast
905 2468 940 2514 ex
961 2447 1068 2514 eodem
1093 2445 1229 2512 similive
1242 2444 1316 2512 Ale·

166 2548 320 2616 mardrino
342 2549 428 2617 ionte
442 2548 669 2618 Philostratum
693 2548 831 2618 hausisse
852 2548 992 2616 tabulam
1014 2549 1062 2615 his
1083 2546 1218 2615 breuiter
1232 2564 1316 2618 come

166 2650 405 2736 prehendentem
425 2651 509 2731 (Seu.
525 2652 625 2737 lmag.
639 2652 681 2734 II,
704 2654 752 2734 dl:
775 2645 915 2736 μητρυιὰ
938 2645 1143 2735 γὰρ-Φαίδρα
1157 2649 1316 2732 gondoino

163 2749 262 2836 hiron
282 2749 336 2818 ἐπ’
354 2742 447 2840 adep
470 2755 532 2819 orla
554 2742 642 2832 ὅντα,
664 2750 710 2832 ὥς
721 2749 770 2843 dr}
785 2751 889 2841 ἐρῷτο
905 2746 971 2817 ὑπὸ
988 2752 1048 2819 τοῦ
1061 2743 1260 2817 Ἱππολύτου
1274 2785 1313 2796 -
1339 2808 1341 2814 ,

164 2844 248 2940 αὐτὴ
274 2852 311 2922 δὲ
341 2844 406 2940 ὅρα
436 2855 495 2922 τοῦ
520 2852 691 2940 μειρακίου
718 2843 782 2940 r'p'po
817 2891 852 2904 -
886 2844 1054 2921 desuadeas
1076 2846 1095 2920 ri
1120 2845 1247 2940 Θησεύς
1267 2851 1337 2940 τῷ.

268 3148 278 3180 ¹
298 3145 458 3204 (tilitates
477 3146 614 3204 Personii.
634 3149 729 3219 psych.
748 3147 848 3204 Alfeot.
868 3148 886 3203 i.
904 3148 933 3204 d.
952 3147 1017 3204 Vas.
1036 3147 1103 3204 Mal.
1123 3165 1150 3218 p.
1164 3148 1199 3202 66
1211 3165 1252 3216 sq.
1282 3147 1316 3201 In

166 3236 332 3292 memoriam
342 3253 456 3292 mucosa
466 3236 652 3307 Antiphilam,
669 3237 718 3307 qui
727 3236 811 3306 prinri
824 3235 979 3292 Ptolemaei
994 3236 1053 3292 lero
1066 3235 1239 3307 temporibus
1250 3235 1315 3290 Ale·
1427 3271 1448 3278 ω

165 3323 303 3379 andriae
321 3323 419 3380 floruit
436 3323 554 3380 Brunnii
574 3324 678 3381 iudicio
696 3325 936 3397 (Kiiustlergesch.
957 3326 982 3380 lI
1003 3344 1031 3396 p.
1044 3327 1098 3381 219
1121 3325 1174 3393 sq.)
1192 3323 1316 3394 pinxisse

164 3409 367 3484 ‘Hippolytum
380 3417 480 3470 tauro
493 3414 615 3470 amisso
626 3411 863 3484 expavescentem?
871 3454 880 3483 ,
888 3420 919 3469 ut
931 3413 1038 3470 Plinius
1051 3411 1315 3484 (notmanxxxv

168 3502 376 3571 1141666666.
405 3531 438 3544 -
468 3503 564 3558 Brunn
581 3503 617 3558 dn
637 3503 690 3560 hac
707 3504 817 3574 pictura
836 3503 983 3573 disputans
1000 3519 1149 3574 perperam
1166 3501 1201 3556 nd
1220 3501 1315 3557 Philo·

167 3590 486 3663 atratum(Sen.1mag.
505 3591 541 3659 11,
560 3592 587 3660 4)
605 3591 769 3663 provocavit
788 3593 806 3647 l.
826 3593 855 3658 l,
874 3591 1008 3648 Fleckeis.
1028 3591 1124 3662 Suppl.
1143 3588 1182 3646 IV
1200 3606 1228 3661 p.
1247 3593 1315 3661 2183

40 3704 42 3706 ·
165 3677 203 3734 at.
220 3677 443 3736 Friederichsd
462 3679 624 3737 Philostrat
643 3681 716 3736 Bild.
734 3697 762 3752 p.
782 3681 818 3736 76
837 3680 973 3737 Fleckeis.
992 3679 1090 3751 Suppl.
1108 3679 1133 3733 V
1151 3696 1178 3749 p.
1201 3679 1259 3734 161.

268 3767 343 3823 ’Ex
365 3768 527 3826 Callimachi
550 3768 717 3842 fragmentis
739 3768 776 3824 ad
798 3769 871 3826 hanc
896 3767 1045 3840 Hippolyti
1068 3767 1168 3824 mortis
1193 3765 1316 3837 descrip-

165 3854 273 3911 tionem
295 3854 399 3912 referri
422 3857 512 3928 possit
534 3857 590 3931 ing.
617 3875 697 3914 anon.
723 3859 773 3914 rao
800 3857 895 3929 (Sohn.
918 3857 946 3913 11
969 3875 996 3929 p.
1015 3856 1093 3928 788):
1121 3847 1184 3926 ὦρτ’
1207 3855 1239 3912 tr
1260 3855 1317 3927 por

164 3947 242 4015 prpe
259 3943 342 4016 κῦμα.

266 4029 279 4064 ⁸
297 4029 340 4086 01.
357 4031 473 4102 Dilthey
491 4033 509 4088 1.
528 4033 547 4088 l.
565 4049 593 4104 p.
613 4035 647 4087 6-1
666 4050 707 4104 sq.
736 4061 768 4074 -
797 4032 843 4089 Sic
861 4033 891 4088 in
909 4033 1013 4089 Hecale
1035 4036 1121 4103 poeta
1139 4031 1247 4101 Scyllae
1272 4028 1313 4086 ia·

166 4117 262 4174 hulam
277 4118 397 4178 fortasse
413 4123 510 4192 paucis
528 4123 651 4179 absolvit
667 4122 715 4194 (61.
729 4121 885 4179 unckelo
902 4139 930 4193 p.
945 4123 991 4193 62)
1008 4128 1037 4178 et
1055 4118 1171 4176 Ovidius
1189 4118 1313 4175 iahulam

166 4205 202 4262 de
218 4205 378 4264 Minotauro
396 4216 427 4266 ct
444 4208 569 4267 Mindon
590 4212 688 4282 paucis
713 4227 847 4268 enarrans
869 4209 956 4282 (Met.
976 4209 1050 4276 vm,
1072 4210 1122 4265 171
1142 4207 1193 4279 aq.)
1219 4204 1314 4278 potuit
1373 4207 1375 4211 ’

166 4293 329 4356 estiment
346 4299 507 4370 exemplum
524 4299 603 4372 seqrd
622 4298 670 4371 (61.
690 4299 788 4358 maon
806 4300 826 4355 1.
844 4299 864 4354 1.
882 4316 909 4371 p.
929 4297 984 4378 611
1347 4287 1350 4294 ’
