2982 5006
724 221 805 308 ια’

171 434 278 517 Neque
300 426 502 514 neglegenda,
533 444 613 512 quaa
633 424 802 493 scholiasta
833 425 939 493 eadem
972 424 1136 494 verborum
1157 425 1316 495 conaturo-
1363 477 1368 494 .

171 534 254 601 tione
275 547 337 616 qua
359 525 559 611 Asclepiades
575 543 661 616 ¹usius
684 523 774 596 addit
803 528 846 604 (r.
868 525 941 607 rap:
974 521 1008 604 ές
1035 521 1120 610 cpia:
1151 523 1229 611 μίαν
1255 523 1315 611 μέν

168 625 311 726 ᾐτήσατο
331 618 487 694 desecare
510 623 547 710 έξ
559 620 689 713 Midou,
723 624 877 712 δευτέραν
901 623 937 692 έν
959 623 1171 715 λαβυρίνθου,
1202 624 1314 715 τρίτην

168 724 437 802 τοσἸππολίτου
451 732 471 796 ¹.
502 729 606 813 Ipsam
630 729 734 795 numm
755 727 920 814 Hippolyti
942 727 1195 798 sollicitationem
1206 730 1313 799 Ascle

168 835 271 921 pinder
293 831 399 917 parreia
420 828 570 896 absolvit:
598 821 646 907 ιἰς
671 827 831 914 Τροιζῆνα
852 827 888 894 δέ
911 821 1048 912 ὕστερον
1069 829 1313 918 παραγενομένη

167 937 221 1019 (sc.
236 929 374 1015 Φαίδρα)
388 928 548 996 draconino
564 926 699 994 πείθειν
712 921 771 994 τίν
792 925 959 995 νεανίσκον
979 922 1076 1009 daeg
1096 920 1177 1019 αίτῇ
1195 930 1313 1018 μιγείη,

168 1035 248 1121 quod
264 1035 375 1101 notatu
390 1031 536 1118 dignum
558 1029 683 1116 quando
704 1049 820 1110 omnes,
844 1048 922 1117 quas
942 1031 1113 1109 recensebo,
1134 1033 1315 1100 narratiun-

167 1137 263 1217 culae,
286 1131 410 1202 etiarnsi
432 1132 463 1199 in
486 1131 643 1199 nonnullis
659 1132 749 1198 rebius
763 1131 922 1198 evidenter
935 1134 1091 1200 servatam
1106 1132 1312 1219 Hippolytum

166 1237 356 1323 exprimunt,
394 1237 500 1303 tamen
535 1235 575 1302 ah
608 1233 779 1302 artificiosa
811 1233 876 1301 eius
907 1234 1078 1320 elegantia,
1114 1254 1176 1321 quaa
1209 1233 1313 1302 nutrix

167 1337 338 1406 Phaedram
366 1337 448 1404 tecte
469 1335 622 1403 voleutem
651 1335 806 1403 nolentem
835 1334 867 1402 in
894 1336 1060 1421 perniciem
1094 1334 1186 1421 rapit,
1215 1335 1248 1403 in
1277 1355 1313 1403 eo

166 1439 303 1505 recedere
334 1437 444 1517 solent,
478 1436 560 1522 quood
593 1435 714 1503 nutrice
746 1436 809 1502 iore
840 1455 960 1522 semper
993 1437 1108 1504 omissa
1138 1435 1311 1505 Piraedmm

165 1542 264 1626 ipsam
285 1541 426 1607 iuvenem
438 1538 602 1606 adeuntem
625 1539 666 1621 at,
688 1537 725 1604 ut
745 1537 803 1605 sihi
827 1538 875 1605 sui
893 1539 1013 1623 copiam
1029 1538 1135 1620 iaciat,
1158 1539 1312 1623 petentem

165 1643 298 1727 fingunt.
341 1633 427 1724 Quae
449 1642 496 1707 est
517 1639 645 1723 simplex
668 1639 864 1725 genuinoque
886 1639 987 1726 mythi
1016 1640 1127 1721 forma.
1160 1639 1211 1707 cni
1241 1657 1311 1706 cum

165 1745 316 1809 eotlnurno
347 1742 473 1808 omnino
502 1740 579 1806 nihil
608 1742 655 1806 eat
686 1759 858 1808 commune.
901 1741 939 1806 ln
961 1740 1008 1806 his
1038 1760 1120 1820 vero,
1154 1761 1233 1825 quac
1259 1740 1314 1808 de-

164 1844 236 1910 inde
260 1846 446 1930 narrantur:
482 1839 635 1923 pulsanda
657 1839 687 1906 (λ’
709 1835 834 1906 ἐκείνου
855 1838 1117 1925 τιροςδιξαμένου
1137 1835 1196 1907 τὸν
1216 1835 1314 1928 λόγον

164 1943 287 2030 λέγεται
309 1945 544 2031 φοβηβιίυανῖ
563 1931 666 2030 αι’την
687 1932 901 2028 ἀναστρέψαι
922 1936 981 2032 τὴν
1001 1937 1108 2009 αίτίαν
1129 1941 1196 2013 κτλ.
1219 1961 1313 2010 orna·

164 2047 302 2113 meatuum
325 2065 342 2112 s
363 2043 525 2130 tragoedia
548 2045 654 2110 nostra
676 2043 834 2112 sublatum
858 2044 962 2130 prodit
984 2044 1183 2130 participium
1205 2045 1311 2132 ηοβη·

163 2151 291 2214 θεῖσαν.
335 2145 459 2212 Etenim
487 2144 592 2211 Diana
625 2143 663 2210 de
693 2144 837 2211 Phaedra
870 2145 1057 2213 calumniam
1091 2145 1202 2213 molita
1233 2144 1313 2212 dicit

163 2269 192 2316 r.
206 2250 300 2314 1310:
324 2271 342 2336 η
365 2244 393 2311 d'
417 2240 465 2324 τίς
487 2240 619 2329 έλιγχσν
640 2237 686 2332 μὴ
707 2242 793 2333 υέση
808 2243 998 2332 φοβουμένη
1019 2245 1115 2326 κτλ),
1137 2264 1198 2332 quo
1220 2264 1309 2312 versu

164 2348 377 2434 Asclepiadem
398 2348 528 2414 aborsum
560 2366 625 2413 asse
656 2345 725 2413 idco
748 2347 924 2414 firmissime
950 2364 1104 2428 asserere,
1138 2345 1213 2432 quia
1239 2345 1312 2412 reli·

161 2469 240 2534 quos
260 2449 478 2532 compilatores
499 2449 621 2530 praeter
642 2445 805 2532 prologum
824 2447 899 2514 item
919 2448 959 2516 ad
981 2448 1082 2532 ipsum
1098 2448 1180 2514 hum
1196 2447 1309 2527 locum,
1390 2445 1394 2451 ’

162 2569 222 2634 quo
246 2549 349 2614 Diana
370 2567 418 2613 res
441 2548 548 2630 paucis
569 2547 688 2614 revolat
712 2549 744 2613 et
772 2548 1013 2631 comprehendit,
1048 2567 1081 2614 se
1109 2546 1309 2614 adstrinxisac

161 2648 367 2716 demonstrari
398 2648 531 2732 potest·
561 2647 650 2730 Qucd
680 2647 720 2714 ad
753 2649 923 2714 extremum
953 2647 992 2713 de
1018 2647 1177 2714 Phaedrae
1209 2647 1308 2712 morte

162 2750 359 2834 Asclepiades
391 2751 513 2816 narrat:
548 2740 610 2834 την
637 2746 674 2814 δὲ
702 2748 847 2832 canopeo
878 2750 1023 2836 φανερᾶς
1052 2745 1225 2834 γενομένης
1249 2745 1309 2833 τῆς

161 2850 314 2940 διαβολῆς
328 2840 542 2935 αίιτυίγξασβαι
560 2851 616 2930 (sc.
629 2843 853 2933 ὁμολογοῦσι),
876 2850 908 2916 id
920 2848 1064 2916 cothurni
1079 2851 1162 2916 cerie
1175 2867 1236 2914 non
1252 2849 1309 2914 esi.

161 2952 243 3018 Nam
265 2953 301 3018 ut
316 2951 354 3018 de
372 2951 472 3017 altera
488 2949 646 3033 Euuripidis
659 2949 801 3025 Phaedra
816 2951 948 3033 taceam,
972 2949 1056 3034 prior
1077 2950 1150 3016 ante
1164 2948 1309 3028 moritur,

146 3293 147 3296 .
261 3239 270 3272 ¹
289 3237 357 3294 coo.
376 3237 415 3296 rr.
433 3241 462 3294 ee
479 3237 522 3294 Fr.
543 3239 587 3294 ιιι
611 3235 649 3309 ιη
668 3230 825 3308 ‘caucana
846 3265 880 3280 -
898 3207 1044 3302 masidam
1061 3235 1175 3294 eidam
1190 3229 1310 3310 ὄνειρα

120 3382 123 3390 ¹
160 3345 189 3382 ¹¹¹
207 3326 271 3453 fi¹¹⁰;
291 3423 450 3486 Bosporicum
469 3417 543 3488 eod.;
562 3433 634 3474 corr.
645 3416 759 3473 Barnea.
785 3415 931 3474 Traditum
944 3416 1094 3474 lectionem
1105 3417 1237 3474 Welclrer
1248 3416 1308 3487 (1.1.

56 3487 58 3494 ’
102 3569 104 3573 ,
159 3523 186 3576 p.
205 3506 269 3576 395)
287 3504 422 3562 defendit.
450 3505 506 3562 Sed
524 3505 653 3562 insolitas
671 3504 778 3562 formae
796 3523 832 3562 ns
850 3511 933 3578 aptas
952 3505 1067 3578 quidem
1086 3523 1181 3562 sensus
1199 3505 1307 3575 sunau

159 3591 194 3650 cl.
212 3593 303 3650 Hiller
321 3595 339 3650 1.
357 3594 376 3649 1.
395 3612 423 3665 p.
444 3596 487 3651 86.

258 3680 270 3715 ⁸
288 3681 371 3738 Prior
380 3682 526 3753 Euripidis
536 3679 667 3739 Phaedra
681 3711 714 3724 -
727 3701 793 3739 nam
811 3683 847 3739 da
865 3682 1002 3754 Sophocle
1020 3701 1077 3739 non
1097 3681 1217 3754 amplius
1233 3679 1306 3753 cogi·

158 3767 233 3823 tabis
252 3797 285 3810 -
304 3787 360 3826 una
372 3769 525 3826 ulciscendi
543 3769 699 3842 cupiditate
717 3770 816 3826 debuit
835 3771 897 3842 rapi
916 3769 1102 3840 (olwelclrer
1119 3770 1138 3825 l.
1153 3769 1172 3824 1.
1190 3786 1219 3839 p.
1234 3769 1306 3836 478).

158 3857 257 3913 Altera
275 3858 376 3914 misere
393 3863 476 3914 nutat
494 3859 568 3915 inter
586 3858 712 3914 diversos
730 3858 857 3929 affectus,
883 3859 913 3914 in
936 3876 993 3930 qua
1020 3877 1050 3916 re
1069 3855 1244 3915 incommoda
1265 3873 1307 3912 re·

158 3944 345 4011 tractationis,
373 3964 446 4018 quae
463 3948 634 4020 pudentibus
653 3948 753 4005 animis
773 3947 953 4006 satisfactura
979 3953 1053 4020 erat,
1078 3946 1129 4004 snb
1148 3945 1245 4004 oculos
1262 3962 1307 4003 ca·

95 4068 99 4076 ·
158 4032 237 4091 dant
274 4035 359 4092 Modo
382 4037 457 4093 enim
475 4037 629 4094 liberorum
648 4038 808 4095 rationibus
825 4038 985 4110 prospicere
1003 4038 1066 4095 salt
1082 4054 1110 4094 r.
1128 4035 1192 4106 717,
1221 4034 1306 4091 modo

159 4129 272 4178 veretur
289 4122 319 4178 in
337 4131 515 4196 conspectum
532 4123 632 4180 Thesei
650 4126 756 4182 maenti
767 4144 795 4183 ν.
809 4128 863 4182 719
875 4144 925 4197 sq..
945 4125 1028 4183 modo
1040 4126 1131 4182 adAd
1142 4141 1185 4196 sq.
1230 4121 1308 4192 Quae

158 4209 252 4266 omnia
269 4211 360 4268 Diana
381 4220 479 4284 postea
501 4212 580 4269 flocci
606 4211 675 4268 iacit
692 4217 723 4269 st
740 4213 895 4283 mulierem,
923 4231 995 4285 quae
1019 4213 1109 4270 multa
1126 4215 1190 4270 erat
1207 4211 1238 4268 in
1257 4211 1324 4267 ho··

158 4297 292 4357 notificas
310 4301 410 4358 mertis
428 4301 561 4372 consiliis,
579 4301 649 4358 meri
669 4301 779 4358 timoris
797 4301 935 4374 coarguit·

1089 4393 1106 4442 4
