2974 5030
187 430 317 508 τέκνοις
337 427 371 494 τί
389 426 426 495 δὲ
445 427 606 495 τοσαῦται
625 419 806 516 ἤιιδρρααις
827 420 932 514 γράφε
947 424 1002 493 καὶ
1015 422 1147 511 θάρρει,
1170 428 1224 496 καὶ
1237 427 1334 512 δέχου

185 553 229 614 με
259 531 302 619 τῇ
329 526 423 617 χρείᾳ
453 519 628 596 inhonori
683 526 808 594 Πείθιι
839 519 899 616 τήν
928 525 1074 616 Φαίδραν
1103 524 1249 597 εἰποῦσα
1279 529 1334 597 καὶ

186 624 319 712 οἴχεται.
360 629 446 714 Quae
472 630 577 698 omnia
608 630 636 696 si
662 629 702 697 ad
727 629 876 713 imaginis
903 629 1068 696 ueritatem
1096 649 1240 699 rovocare
1265 633 1334 699 stu·

185 731 300 816 ductis,
322 750 447 816 operam
467 732 499 798 et
520 730 622 798 oleum
646 731 763 816 pordes,
785 749 856 798 cum
871 729 1058 815 sophisticae
1070 730 1150 797 artis
1165 731 1334 815 pigmentis
1411 760 1417 782 ι

186 832 323 918 undiquc
343 831 390 898 ita
412 830 510 899 oblita
532 831 605 911 unt,
637 833 674 898 ut
695 832 745 898 vix
765 831 908 916 cognosci
931 831 1038 916 possut,
1065 829 1140 916 quid
1162 831 1269 900 lateat
1292 869 1330 880 -

182 934 293 1000 Altera
319 951 432 1000 masna
459 932 663 1018 Hippolytum
708 932 854 1012 ostendit,
877 932 928 998 oui
954 931 1059 998 nutrix
1081 931 1164 998 intor
1185 934 1333 1000 renatum

184 1033 349 1119 epistulam
370 1033 489 1110 roddit3
518 1034 572 1102 illo
591 1035 697 1102 autom
718 1033 851 1102 tabellas
878 1033 1003 1119 proicit:
1035 1029 1154 1120 ἀφίησι
1180 1032 1241 1119 μὲι
1267 1037 1334 1100 τῶι

182 1135 302 1218 χειρῶν
321 1135 376 1202 καὶ
393 1130 612 1217 βδελύττεται,
633 1134 687 1202 καὶ
707 1140 813 1202 κεῖται
828 1136 884 1202 νῦν
897 1128 1054 1220 κατεαγός
1072 1137 1187 1216 (Boiss.
1203 1156 1233 1220 p.
1249 1136 1333 1219 165).

183 1235 316 1304 Ovidius
335 1237 470 1302 similem
492 1255 636 1304 saonam
658 1234 799 1303 illustrat
818 1235 858 1302 (le
873 1235 980 1304 Oauuo
1001 1254 1132 1304 narrans
1153 1255 1183 1304 u.
1198 1237 1333 1322 tihsqa

286 1336 400 1423 proicit
419 1340 562 1423 acceptas
582 1339 665 1404 locta
684 1337 744 1404 siti
767 1339 855 1422 parta
876 1336 1009 1406 tabellas

283 1439 398 1524 vixquo
419 1458 529 1506 manus
550 1438 688 1506 retinens
707 1439 894 1523 trepidantis
916 1439 956 1507 ab
978 1456 1031 1506 ore
1053 1439 1189 1506 ministri
1316 1501 1318 1504 .

280 1539 375 1607 ‘dum
395 1539 479 1620 licat,
500 1561 519 1608 o
541 1541 658 1609 vetitae
680 1540 830 1634 scelerato
849 1539 989 1609 lihidinis
1009 1545 1130 1624 auctor,

285 1632 417 1729 cllugol’
437 1643 498 1711 ait:
515 1641 597 1731 ‘qui
619 1645 646 1712 si
666 1646 809 1711 nostrum
831 1646 887 1712 tua
913 1643 980 1712 lata
1002 1645 1150 1729 pudorem

284 1765 345 1812 non
368 1745 528 1813 traherent
549 1765 662 1826 secum,
689 1764 803 1832 poenum
824 1746 901 1813 mihi
924 1749 1024 1814 morte
1045 1738 1224 1816 dedisco&

183 1845 273 1929 Quod
303 1845 429 1914 Caunus
455 1845 604 1926 minatur,
637 1845 770 1919 rhetoris
796 1845 987 1933 Hippolytus
1015 1865 1110 1932 paone
1142 1846 1182 1914 ad
1214 1847 1331 1915 exitum
1452 1834 1456 1842 ’

183 1947 324 2028 adducit,
356 1967 427 2014 cum
461 1949 568 2015 comiti
601 1948 754 2015 nutricem
785 1947 903 2032 tradat,
936 1949 986 2015 cui
1015 1949 1137 2018 clavam
1166 1949 1332 2036 impingat.

182 2050 242 2116 Hle
261 2051 368 2118 autom
381 2049 510 2117 mirilico
526 2049 708 2130 delectatus,
731 2050 805 2136 quia
826 2043 887 2138 τὴν
905 2039 1085 2116 ἀκολασίαν
1104 2054 1206 2135 μισεῖ,
1227 2052 1332 2119 lenam

182 2151 361 2220 uerberibus
382 2152 469 2220 roone
496 2151 624 2220 mulcat.
668 2153 754 2220 Num
774 2153 870 2220 talem
894 2153 1112 2240 virgidemiam
1135 2154 1247 2239 pictori
1270 2154 1332 2220 im·

181 2254 329 2339 putabis?
372 2254 538 2340 Ecphrasis
569 2259 673 2323 autern
704 2256 752 2323 ita
784 2255 905 2342 incipit,
938 2256 1029 2342 quasi
1057 2258 1168 2324 auctor
1183 2245 1340 2341 ’Ἑρωτος

181 2350 341 2442 irritum
360 2357 533 2442 scripturus
555 2357 663 2426 suerit:
679 2345 786 2442 Ἔρως
806 2355 844 2424 δὲ
865 2355 919 2424 καὶ
933 2347 1080 2442 ’Ἑρωτος
1093 2353 1134 2423 τὰ
1148 2352 1331 2443 τοξεύματα

180 2450 316 2536 πάντας
335 2457 438 2547 φοιτᾷ
457 2455 510 2523 καὶ
531 2453 586 2524 διδ
605 2451 740 2524 πάντων
759 2454 930 2542 διέρχεται,
952 2456 1006 2524 καὶ
1025 2449 1124 2525 oririi'
1138 2453 1223 2540 Ζεδς
1237 2454 1330 2526 ἐλαύ·
1381 2507 1383 2516 ,

182 2563 295 2643 θιρας,
317 2553 397 2625 ὅταν
417 2557 580 2626 ἐθέλωσιν
593 2548 737 2643 Ἔρωτες
757 2559 825 2628 ιιτλ.
858 2560 973 2628 Iratam
986 2560 1145 2645 Euripidis
1159 2561 1333 2628 sentcntiae

181 2661 254 2746 Hrp.
274 2661 338 2728 447
358 2681 405 2748 sq.
431 2663 512 2728 1268
534 2682 580 2747 sq.
604 2661 664 2746 lrg.
686 2663 759 2746 434,
783 2662 838 2748 qui
859 2662 956 2730 otiam
977 2662 1011 2728 in
1032 2680 1068 2729 eo
1089 2663 1332 2747 recognoscitur,

181 2757 264 2848 quod
287 2763 446 2830 Phaedrae
466 2781 578 2847 corpus
600 2764 730 2830 vocatur
752 2762 848 2846 σῶμα
869 2761 1096 2848 στηριγμάτων
1118 2759 1334 2848 ἐπιδρόμιιοι

181 2863 295 2946 (Boios.
317 2885 346 2950 p.
370 2865 447 2945 162;
468 2864 509 2931 ci.
532 2865 606 2931 um.
627 2863 701 2949 Hip.
725 2865 785 2931 198
806 2863 866 2950 sq.)
899 2864 933 2930 et
958 2872 1064 2954 πῆχυς
1084 2859 1195 2932 πάθει
1217 2865 1333 2950 λυόμε·
1397 2899 1401 2956 j

181 2989 247 3046 sog
278 2967 361 3036 Nam
384 2967 550 3052 Euripides
565 2967 708 3035 Phaedra
729 2967 924 3035 lamentatur
946 2968 966 3034 l.
989 2967 1027 3036 l.:
1048 2965 1183 3052 λέλυμαι
1202 2966 1331 3052 μελέων
1413 2979 1414 2984 ’

179 3061 353 3152 αδνδισμα.
386 3103 427 3116 -
459 3065 599 3153 Denique
626 3067 707 3135 addo
736 3068 809 3135 hocs
855 3067 999 3136 Phaedra
1031 3069 1163 3136 rhetoris
1196 3067 1333 3154 concipit

179 3168 287 3254 ignem
312 3167 449 3255 privigni
481 3169 650 3252 imaginem
684 3168 824 3251 intuens,
861 3189 933 3237 uam
971 3173 1068 3236 Amor
1099 3167 1241 3237 δείκνυσι
1273 3192 1333 3253 με·
1423 3220 1427 3226 .

180 3266 306 3354 τέωριιι
326 3267 362 3335 ἐν
380 3262 548 3354 χρώμασιν
568 3263 630 3336 asir
647 3263 845 3336 Ἱππόλυτον
867 3307 909 3320 -
939 3271 1053 3338 mirum
1080 3271 1149 3358 hoo,
1183 3271 1330 3358 quoniam
1420 3287 1429 3294 ‘⁴

181 3371 217 3437 in
237 3370 345 3438 cadem
366 3371 513 3454 imaginis
535 3391 608 3439 area
629 3371 762 3457 epistula
790 3371 953 3439 scribenda
979 3373 1131 3455 occupata
1158 3391 1223 3439 esse
1246 3371 1333 3438 vids·
1388 3363 1390 3368 ’

282 3588 421 3644 ¹Similia
446 3588 565 3662 fortasse
589 3588 759 3660 Hippolytus
777 3587 904 3649 velatus,
919 3588 1048 3659 protulit,
1076 3587 1126 3645 nbi
1154 3587 1180 3644 ei
1203 3587 1332 3644 Phaedro

180 3677 336 3748 supplicem
364 3693 394 3732 ss
420 3675 547 3747 proiecit
583 3674 654 3733 Nam
684 3676 753 3733 talia
781 3676 884 3746 pudico
912 3675 1006 3732 iuveni
1033 3675 1122 3748 magis
1150 3675 1330 3746 conveniunt,
1361 3664 1364 3669 ’

180 3783 266 3836 qnam
284 3765 388 3836 quihus
411 3764 531 3821 Senecas
552 3765 723 3837 Hippolytus
745 3768 866 3820 matmm
896 3764 1024 3836 increpat
1050 3782 1078 3821 v.
1097 3767 1163 3820 rra:
1191 3762 1333 3834 ‘abscede
1397 3809 1399 3816 ,

179 3855 246 3912 vivs
267 3873 304 3910 ne
327 3855 395 3926 qnid
418 3850 538 3910 οισι-αι’.
566 3884 600 3897 -
629 3855 759 3911 Ceterum
780 3853 980 3912 conserendum
998 3854 1140 3926 Agathino
1158 3853 1332 3926 epigramma

179 3947 219 4004 sic
234 3936 397 3998 Ἰιιδλιτιιι
408 3937 609 4016 διαλεγόμενον
625 3943 657 4020 τῇ
674 3943 764 4018 τροφῇ
781 3944 829 4010 sira
845 3943 971 4014 Φαίδρας
988 3942 1086 4014 (unuh.
1100 3941 1159 3998 Pal.
1178 3940 1242 3998 xvi
1256 3944 1343 4014 App.-

327 4116 489 4184 ‘lnnsiimoc
505 4121 554 4190 τῆς
568 4119 654 4194 γραὸς
670 4123 715 4179 λιι*
735 4116 812 4179 sirm
833 4123 915 4192 agila
932 4120 1028 4196 pisos

378 4215 547 4286 φθέγγεται·
564 4209 624 4266 ἀλλ’
642 4210 722 4286 ἡμεῖς
738 4207 772 4268 osi
789 4205 955 4286 doripetron
971 4204 1063 4266 κλύει-ν
1083 4212 1140 4265 art.

280 4299 294 4335 ¹
310 4297 358 4357 sio
374 4298 463 4357 Boias.
482 4327 515 4343 ·-
534 4297 603 4356 (iod.
620 4293 691 4356 οὔτε.
