2974 5030
185 482 296 552 unicus
316 484 427 552 auctor
448 485 496 552 cst
516 483 581 551 iam
602 484 671 550 tnm
695 484 818 568 partum
841 483 959 552 editum
983 502 1058 565 esse,
1091 483 1152 551 nisi
1174 483 1332 551 Theocriti
1414 549 1416 554 .

181 583 370 653 scholiastae
390 583 587 653 historiolam
607 583 779 652 adsciscere
801 583 863 652 vis:
898 577 1036 669 ὕστερον
1054 585 1091 652 δὲ
1112 583 1334 673 ἐγκυμονοῦσα

184 686 239 752 καὶ
258 686 403 772 γεννῶσα
423 673 638 752 τὸνἌδιιινιν
658 679 831 775 ἐφωράθη.
854 682 907 774 ἐφ’
930 673 984 766 οἷς
1000 675 1172 775 α’χθομέιη
1187 679 1211 774 32⁸
1222 682 1333 769 αἰσχυ-

182 787 300 875 νομένη
333 775 452 875 ηὔξατο
482 782 531 867 εἷς
562 781 737 871 ὁμώνυμον
769 781 876 876 φυτὸν
906 785 1150 879 μειαιλαγῆναι.
1208 787 1332 874 Reliqui
1440 843 1442 852 .

182 909 290 958 omnes
311 891 436 957 Adonin
468 908 520 956 ex·
536 888 603 973 ipsa
633 890 743 956 arbore
773 890 882 955 natum
915 908 979 956 csse
1010 890 1129 969 volunt,
1161 890 1233 958 fissa
1265 901 1362 956 cor-¹

180 991 253 1072 tice,
274 994 312 1056 ιιι
332 989 462 1058 Ovidius
482 988 689 1074 Apollodorus
711 988 924 1075 Lycophronis
944 988 1114 1058 scholiasta
1130 991 1332 1076 Nicephorns.

182 1089 241 1158 on
262 1092 308 1158 rei
329 1091 456 1160 Servius
477 1079 667 1159 ormro'loeo
689 1091 796 1174 (Verg.
810 1091 889 1157 Aen.
905 1090 943 1174 V,
966 1090 1018 1169 72)
1047 1091 1137 1175 plora
1158 1092 1252 1159 vcrba
1272 1091 1334 1157 im·

180 1191 306 1277 pendit:
335 1190 506 1278 ‘percussa
533 1194 569 1259 ut
590 1191 719 1277 quidam
740 1191 861 1271 colunt,
883 1211 903 1258 a
925 1192 1024 1276 patris
1045 1192 1152 1278 gladio
1162 1195 1181 1273 ¹,
1204 1193 1240 1257 ut
1261 1191 1332 1277 qoi-

180 1292 265 1372 dam,
285 1293 327 1361 ab
347 1312 423 1378 apro
443 1294 608 1379 parvulum
631 1286 748 1362 odidit’
771 1294 828 1375 (sc.
846 1293 974 1378 Myrrha
995 1292 1029 1359 in
1051 1295 1191 1361 arborem
1213 1292 1333 1376 versata

179 1395 281 1461 altero
312 1395 420 1481 (Verg.
455 1396 531 1463 Buc
560 1396 600 1472 X,
639 1395 692 1478 18)
726 1396 854 1462 tantum
888 1395 926 1462 dc
959 1394 1026 1479 apri
1058 1393 1151 1462 dente
1181 1394 1333 1480 loquitur.

181 1496 276 1580 Apud
298 1495 444 1564 Ovidium
467 1518 498 1566 ι.
520 1499 584 1565 510
605 1517 650 1583 sq.
672 1498 789 1565 Lucina
813 1517 902 1582 opem
925 1497 986 1564 iert
1014 1495 1235 1582 ‘admovitque
1264 1516 1333 1564 ma·

179 1615 239 1664 nus
259 1599 292 1664 ct
311 1598 405 1664 sorba
420 1617 569 1683 puerpera
581 1598 708 1666 dixit'l.
721 1633 761 1646 -
774 1599 862 1666 Unus
875 1597 1010 1666 Ovidius
1025 1597 1158 1682 denique
1172 1597 1331 1682 Myrrham
1371 1653 1377 1662 ,

180 1699 351 1783 pervarias
366 1700 465 1767 terras
486 1703 654 1786 vagantem
678 1699 772 1787 fingit
793 1720 823 1768 v.
834 1699 896 1766 477
908 1719 954 1784 sq.
965 1703 989 1781 ⁸,
1010 1699 1208 1785 quacScrvio
1221 1699 1331 1785 (Verg.

47 1786 52 1793 ’
182 1800 259 1866 Buc
273 1799 314 1884 X,
330 1801 384 1881 18)
409 1801 442 1868 ct
456 1801 622 1870 lactantio
638 1801 767 1870 Placido
784 1803 911 1869 auctore
930 1801 962 1868 in
981 1801 1077 1868 silvas
1096 1801 1221 1867 tantum
1238 1801 1332 1882 fugit.

180 1900 241 1968 Sed
255 1901 362 1969 Ovidii
383 1905 608 1990 geographicas
631 1904 773 1972 notiones
794 1903 821 1969 si
836 1903 878 1972 ad
893 1902 999 1970 visum
1015 1921 1152 1970 resecare
1166 1902 1331 1983 studueris,
1361 1967 1364 1972 .

179 2001 263 2069 haud
284 2002 404 2069 levibus
422 2003 655 2088 impedimentis
676 2004 905 2089 illaqueaberis,
928 2006 965 2070 nt
986 2002 1103 2070 dudum
1128 2002 1256 2088 Dilthcy
1277 2004 1332 2071 ob·

178 2103 317 2170 servavit
342 2103 379 2186 (l.
400 2103 423 2170 l.
444 2123 474 2188 p.
497 2102 563 2189 48).
606 2105 693 2172 hicet
720 2105 803 2172 enim
831 2105 969 2189 poeticae
997 2103 1142 2171 licentiae
1168 2103 1330 2184 condones,

179 2203 263 2290 quod
283 2203 325 2272 ad
346 2202 482 2291 Cyprum
504 2204 650 2290 insulam,
680 2204 761 2273 unde
784 2205 941 2291 proiectus
963 2206 1019 2286 est,
1049 2221 1208 2288 nunquam
1236 2204 1331 2289 respi-

178 2309 253 2392 ciat,
275 2326 377 2375 nonne
397 2308 453 2393 qui
467 2307 644 2374 Panchaiac
665 2307 772 2376 telluri
793 2307 957 2388 irascatur,
982 2306 1066 2392 quod
1088 2324 1227 2375 murram
1251 2306 1357 2374 ierat·

178 2428 208 2477 ι.
234 2410 313 2489 309,
352 2408 434 2476 idem
466 2410 574 2494 postea
605 2408 804 2495 neglegenter
833 2409 943 2477 scribit
970 2408 1130 2495 Myrrham
1164 2406 1329 2475 Panchaea

177 2531 253 2578 rura
281 2510 500 2595 reliquissent
527 2510 647 2579 Sabaea
673 2512 777 2596 potius
803 2513 887 2578 terra
915 2511 1027 2578 lessam
1055 2508 1182 2578 undem
1208 2508 1329 2595 requic-

177 2613 282 2679 visse?
322 2613 371 2678 rin
402 2611 444 2678 ad
470 2609 570 2680 Servii
603 2613 707 2680 locum
740 2611 1160 2699 (uerg.ueorg.11,115):
1192 2609 1328 2678 ‘Arabia

178 2713 338 2780 Panchaia
358 2715 391 2780 st
411 2713 600 2781 Sabaeorum
622 2734 698 2800 gens
721 2714 827 2784 cadem
849 2716 906 2800 cst,
928 2714 1011 2799 apud
1034 2733 1128 2799 qnam
1151 2715 1203 2779 tus
1227 2712 1329 2779 nasci·

176 2814 245 2881 tur'
269 2813 404 2900 refugias
425 2815 615 2900 ct·pusllam
637 2817 728 2902 qnasi
750 2818 783 2883 in
804 2837 882 2904 gyro
904 2817 1137 2896 circumactam,
1160 2815 1242 2881 node
1256 2833 1328 2898 pro·

177 2916 260 2984 tecta
279 2915 332 2998 sit,
363 2916 469 2984 codem
492 2918 608 2986 reverti
628 2919 771 2986 statues?
814 2920 916 2986 Immo
943 2937 1013 2987 cum
1042 2919 1140 2984 totius
1168 2915 1229 2984 loci
1254 2931 1328 2981 con·

177 3017 325 3085 formatio
346 3021 532 3102 argumento
554 3020 597 3086 sit
611 3019 760 3088 Ovidium
781 3020 833 3087 hic
854 3020 1018 3087 discrimen
1035 3018 1144 3086 iecisse
1158 3015 1328 3082 interillos

175 3119 293 3200 gentes,
314 3118 409 3202 rugae
428 3117 584 3185 fictionem
605 3120 690 3188 haud
710 3121 873 3187 fortuitam
897 3139 962 3186 esse
983 3117 1175 3186 crediderim.
1219 3114 1330 3180 Potuit

175 3236 251 3284 sane
272 3217 419 3294 Libanus.
441 3238 521 3304 quae
543 3222 590 3287 cst
611 3220 737 3288 tabulae
759 3238 872 3287 scaena
893 3219 977 3304 apud
1000 3217 1204 3296 Antoninum,
1227 3216 1255 3282 ci
1272 3214 1328 3281 oh·

174 3317 309 3394 versaris
330 3317 442 3386 Sabaei
463 3321 545 3387 enim
566 3321 735 3387 secundum
758 3319 914 3387 Isidorum
937 3318 1036 3404 (Orig.
1059 3318 1099 3398 X,
1122 3320 1152 3383 2.
1174 3316 1229 3394 49)
1249 3312 1328 3398 ‘ipsi
1457 3349 1463 3359 ·

173 3419 251 3483 sunt
274 3418 308 3483 et
327 3418 455 3506 Arabes,
487 3420 542 3505 qni
567 3421 600 3487 in
628 3421 787 3490 montibus
808 3420 944 3488 Arabiae
971 3422 1055 3498 sunt,
1088 3418 1143 3503 qui
1172 3417 1327 3482 vocantur

278 3655 289 3689 ¹
306 3653 402 3712 Unam
419 3655 473 3712 boc
489 3656 607 3713 nouum
623 3662 770 3728 praeterea
788 3654 990 3728 Mythograpbi
1008 3652 1147 3710 Vaticani.

275 3744 288 3778 ¹
306 3743 467 3800 Antoninos
494 3749 604 3816 patrem
630 3750 751 3812 mortem
778 3749 878 3816 sponte
908 3743 1057 3816 sumpsisse
1083 3739 1226 3814 perhibet3
1256 3737 1326 3796 item

176 3829 305 3904 Hyginus
322 3831 343 3887 i.
364 3833 427 3888 242

273 3919 287 3954 ⁸
303 3919 485 3976 Nemesianus
503 3920 636 3994 Cynegat.
653 3939 681 3977 ι.
700 3924 735 3977 id
754 3940 809 3993 cqc

324 4005 458 4077 Byblidos
476 4007 612 4064 indictam
631 4008 703 4063 nulli
721 4009 825 4065 seclusa
846 4009 932 4080 impia
950 4008 1082 4081 Myrrhae

323 4094 466 4152 connubia
480 4101 511 4153 et
527 4113 610 4154 saevo
628 4096 766 4153 violatam
784 4097 902 4154 crimirm
919 4103 1029 4170 patrem

323 4184 461 4250 novimas,
477 4187 566 4255 stoue
583 4183 711 4242 Arabum
729 4183 840 4258 lugiens
858 4203 922 4242 cum
940 4190 1070 4258 carperet
1088 4201 1156 4240 srva

323 4270 378 4328 ivit
394 4272 425 4328 in
442 4271 574 4329 arboreas
592 4270 707 4328 frondes
725 4273 902 4344 animamque
920 4273 1060 4331 virentem

172 4354 307 4415 Ovidium
324 4365 392 4417 sate
408 4360 504 4417 conlo·
522 4359 653 4418 habuisse
670 4360 784 4417 videtur
802 4361 847 4429 (ci.
866 4361 917 4420 Os.
935 4365 999 4420 Art
1017 4365 1080 4419 Am.
1099 4361 1122 4433 1,
1140 4363 1194 4418 288
1212 4361 1276 4434 sp).
