2982 5006
728 257 764 314 ht

109 437 116 451 ⁴
171 433 312 501 tudinem
335 431 477 500 excedere
498 431 664 512 rideretur,
697 433 865 500 commenti
890 434 965 500 sunt
991 433 1125 500 vitulum
1149 434 1316 514 marinum,

168 534 221 601 cni
242 531 346 601 Plinio
367 534 497 600 auctore
522 534 601 613 (nat
626 533 698 601 hist
721 533 777 614 IX,
799 532 855 618 41)
882 527 1031 601 ‘insono
1053 534 1203 618 mugitus,
1236 535 1318 600 rrndc

72 697 76 704 .
168 653 281 702 nomon
295 633 405 700 rituli'
418 635 439 699 ¹.
473 631 562 716 Quod
583 632 696 700 occidit
715 633 748 700 in
770 634 945 701 monstrum
962 633 1104 718 mugiens
1116 637 1138 701 ¹.
1175 635 1220 702 ht
1234 635 1315 720 qnod

168 735 296 804 Seruius
325 735 425 803 tradit
456 735 560 804 subito
593 735 779 821 interempto
802 737 973 822 Hippolyto
995 735 1169 802 Phaedram
1202 735 1317 802 amoris
1421 764 1427 785 ι

167 835 366 920 impatientia
386 836 498 922 laqueo
520 837 619 905 vitam
642 837 787 923 finivisse,
820 855 858 904 nc
885 837 1010 921 propter
1038 854 1140 903 soram
1167 853 1318 904 novercae

167 941 301 1007 mortem
325 940 364 1009 do
384 940 540 1027 singulari
561 941 686 1010 fabulae
709 941 810 1010 torma
831 959 902 1008 cum
924 940 1096 1026 Hippolyto
1120 937 1232 1007 Velato
1254 937 1318 1004 lor·

168 1042 254 1109 tasse
276 1045 467 1128 congruente
488 1044 615 1130 cogites,
647 1043 799 1112 Stobaeus
821 1041 915 1130 (1.1.)
937 1043 1043 1111 monet
1069 1042 1174 1110 eadem
1198 1041 1319 1110 ratione

169 1146 312 1220 mortem,
343 1165 437 1230 quam
459 1147 601 1215 Phaedra
620 1147 729 1215 statim
752 1148 823 1230 post
844 1146 1017 1214 calumnias
1039 1145 1099 1213 sibi
1121 1143 1317 1223 consciverit,

168 1246 326 1330 explicans
348 1246 402 1325 (ci.
416 1246 533 1333 Hygia.
548 1247 571 1314 i.
582 1247 667 1330 243).
711 1247 802 1315 Talia
824 1247 978 1315 variantis
999 1243 1213 1330 compilatoris
1233 1244 1317 1310 suunt.

92 1422 95 1430 ,
170 1347 314 1432 Denique
328 1347 437 1414 'necem
458 1366 499 1415 an
520 1348 554 1414 in
575 1348 798 1416 commentario
813 1347 912 1415 Persii
934 1347 1002 1426 (VI,
1023 1347 1094 1430 56):
1113 1340 1164 1413 ‘et
1184 1363 1223 1412 ue
1238 1345 1320 1428 Hip·

168 1449 294 1533 polptus
315 1449 398 1532 patri
423 1467 479 1514 sno
504 1451 656 1528 narraret,
689 1467 759 1514 eum
790 1467 921 1515 noverca
953 1465 1041 1514 uerso
1074 1445 1205 1512 crimine
1234 1444 1318 1523 ultro

168 1548 252 1633 apud
271 1548 422 1616 Theseum
445 1548 790 1632 maritumaceusavit3
815 1566 876 1634 qno
898 1547 1009 1632 agnito
1022 1545 1213 1632 Hippolytus
1234 1544 1320 1630 sugit

171 1651 204 1716 et
232 1650 307 1716 dum
336 1667 428 1716 curru
457 1650 490 1716 in
518 1650 611 1717 litore
637 1654 803 1730 exercetur,
837 1650 929 1735 petiit
949 1669 968 1716 a
992 1637 1140 1733 Neptuno
1163 1635 1319 1714 'theseus’

167 1769 194 1816 a
216 1769 247 1834 q.
268 1769 293 1816 s.
315 1749 444 1816 Diodori
474 1753 684 1818 commentum
712 1751 908 1835 interluceat,
941 1749 995 1836 qui
1024 1748 1071 1816 ita
1092 1747 1130 1813 de
1158 1748 1247 1815 casto
1269 1747 1319 1811 iu·
1376 1785 1379 1793 .

167 1870 245 1919 vene
264 1851 300 1933 (l.
322 1851 377 1932 l.):
406 1843 453 1930 ὥς
475 1839 593 1940 ἤκουσε
619 1845 660 1918 τὰ
688 1851 767 1936 περὶ
793 1853 851 1940 τῆς
876 1849 1040 1939 διαβολῆς,
1069 1840 1233 1933 συνεχύθη
1259 1840 1317 1935 τὴν
1351 1899 1354 1904 .

170 1945 286 2040 ψυχήν,
307 1952 390 2036 qnod
411 1951 546 2037 quidem,
578 1954 604 2019 si
627 1953 810 2020 historicum
831 1953 931 2036 audis,
953 1952 1038 2018 heroi
1066 1949 1161 2017 etiam
1184 1950 1317 2013 mortem

85 2069 87 2074 ·
168 2052 289 2120 attulit
330 2052 507 2120 Scholiasta
536 2055 640 2122 autom
668 2054 806 2122 Diodoro
833 2071 866 2120 se
895 2053 1035 2139 applicat
1064 2051 1099 2118 in
1123 2067 1158 2116 oo
1186 2066 1318 2134 qnoque,

169 2154 252 2239 qnod
274 2154 417 2222 Phaedra
442 2155 621 2241 privignum
649 2157 775 2241 propter
806 2153 1069 2241 pulchritudinem
1099 2151 1222 2238 amam,
1256 2169 1318 2216 non

167 2255 298 2324 Veneris
319 2255 472 2342 imprdsu.·
487 2293 530 2305 -
551 2257 589 2323 ln
606 2258 747 2325 intimum
764 2259 867 2326 locum
889 2255 1082 2324 detrudendo
1099 2253 1222 2321 'lhctnis
1244 2271 1317 2318 nar·
1345 2245 1350 2252 '

167 2355 250 2424 ratio
282 2355 398 2440 (Schol.
421 2357 493 2443 hyc.
511 2358 592 2425 1329
613 2358 653 2426 cf.
678 2357 763 2444 nlo),
796 2358 870 2444 qnia
899 2356 1064 2425 manifesto
1094 2374 1111 2423 e
1137 2352 1316 2422 Ooroniiero

167 2459 251 2526 male
270 2459 488 2528 consarcinata
512 2461 569 2548 est,
602 2460 653 2529 cui
678 2461 754 2529 item
777 2461 962 2529 Emtathins
994 2459 1102 2543 (Hom.
1125 2456 1153 2524 λ.
1175 2457 1252 2536 320)
1284 2473 1317 2522 sc

165 2560 339 2645 applicuit
1273 2583 1275 2586 ·
1308 2588 1311 2593 ·

267 2661 319 2727 nd
350 2664 522 2729 extremum
555 2663 627 2732 nolu
658 2663 782 2731 silentio
818 2660 1065 2748 praetermittere
1096 2658 1317 2745 Aristophanis

168 2761 314 2847 Byzantii
336 2766 555 2848 argumentum
583 2764 708 2832 fabiolae
730 2763 925 2850 lluripideae,
960 2781 1140 2848 quanquam
1168 2761 1222 2828 illo
1247 2779 1317 2845 pcr-

167 2863 245 2930 benc
266 2864 485 2950 eleganterque
506 2865 613 2950 paucis
635 2885 790 2934 summam
811 2865 937 2933 fabulae
957 2862 1199 2948 comprehendit,
1222 2860 1318 2927 nullis
1412 2951 1416 2956 .

166 2965 199 3030 ct
219 2982 259 3030 nc
277 2965 500 3033 recentioribus
525 2967 649 3051 quidem
679 2967 935 3052 compilatoribus
963 2966 1045 3032 iuter
1072 2983 1185 3032 ananus
1211 2963 1316 3030 fuisse.

167 3064 269 3132 Immo
298 3065 381 3150 qnod
408 3085 504 3133 sinuum
529 3068 756 3151 grammaticus
786 3068 985 3154 neglegenter
1005 3065 1108 3151 ponit:
1140 3063 1316 3133 Phaedram

168 3323 297 3390 narrstio
310 3323 348 3394 (V
348 3342 407 3396 erg.
419 3327 491 3381 Aen.
500 3325 560 3392 vii,
573 3328 637 3394 761)
648 3327 773 3397 alioquin
790 3327 880 3382 eidem
899 3331 1033 3398 tanquam
1051 3324 1198 3395 calopodio
1211 3328 1316 3394 aptata.

165 3409 283 3468 Praeter
303 3412 426 3470 alterum
444 3413 664 3487 mythogrcphus
675 3413 826 3472 Vaticanus
846 3415 926 3487 prior
937 3414 970 3488 (f.
990 3415 1037 3488 46)
1056 3434 1074 3471 s
1090 3413 1187 3472 Servio
1204 3411 1317 3485 pendet.

58 3564 60 3568 ,
269 3500 280 3534 ¹
299 3501 424 3558 lmmsne
436 3503 504 3574 qnid
517 3502 615 3574 phocis
630 3505 719 3561 inesse
736 3505 890 3576 putabant;
908 3505 944 3562 ci.
961 3503 1042 3561 Ovio.
1055 3504 1122 3560 Her.
1136 3503 1170 3568 Χ,
1184 3504 1228 3558 87.
1249 3501 1316 3558 Met

165 3585 191 3658 1,
206 3590 269 3654 800.
289 3589 374 3663 Verg.
386 3590 487 3664 Georg.
499 3591 546 3658 IV,
564 3593 626 3648 aab.
663 3592 834 3650 Scholiastae
851 3598 946 3650 antem
964 3592 1052 3650 Persii
1070 3592 1139 3662 (1.1.)
1158 3609 1215 3647 uns
1226 3590 1317 3663 phoca
1392 3651 1396 3654 ,

166 3693 224 3732 non
241 3676 359 3734 mihcits
387 3675 491 3756 ‘Betiit
507 3696 525 3734 s
542 3677 672 3751 Neptuno
689 3679 821 3748 Theseus,
849 3685 883 3738 nt
904 3680 930 3737 ci
952 3680 1064 3752 phocas,
1091 3680 1121 3737 id
1145 3683 1189 3736 est
1211 3678 1317 3736 vitulos

167 3763 292 3821 marinos
311 3761 499 3824 immitteret’.

268 3853 281 3889 ¹
300 3853 341 3910 ci.
359 3854 429 3912 Eur.
447 3855 512 3928 Hip.
532 3856 600 3911 1201
620 3873 662 3928 sq.
682 3856 744 3913 Sem
763 3855 892 3915 Phaedra
914 3859 987 3926 10211Ι
998 3875 1039 3930 sq.
1141 3900 1143 3904 -
1229 3847 1232 3854 ¹

265 3943 279 3979 ⁸
296 3943 375 4001 ldenn
393 3943 742 4003 bxhibetSohol.1’latou.
761 3945 829 4019 Leg.
848 3947 899 4004 981
920 3947 953 4019 B,
974 3965 1047 4019 quae
1064 3947 1230 4006 brevissima
1252 3966 1317 4006 nar·

164 4031 240 4089 ratio
256 4033 401 4104 ceteroqui
418 4033 489 4090 nihil
508 4033 690 4092 memorabile
707 4035 857 4104 continet„

268 4121 394 4180 ‘Sciens
411 4123 588 4194 praetermisi
605 4129 762 4180 monstrum
780 4124 960 4197 narrationis,
978 4124 1054 4195 quod
1071 4123 1316 4197 Cephalionoom·

167 4214 279 4266 meum
295 4215 340 4268 est
356 4217 472 4268 sudore
489 4210 595 4268 hlslals
612 4212 727 4279 (chron.
744 4229 772 4283 p.
790 4213 827 4267 88
847 4213 891 4270 ed
908 4213 979 4269 Bon.
999 4212 1103 4269 hliiller
1121 4212 1153 4269 F.
1170 4213 1205 4270 n.
1222 4212 1255 4271 G.
1273 4213 1316 4270 111

167 4297 921 4374 pdttlhtsimilictlsorgiicedrsnisomnisted.
940 4301 1180 4375 chlpdlb).
