2982 5006
183 422 271 508 Quod
294 421 334 489 ed
355 415 669 504 repraesentationem
690 415 816 496 attinet,
841 413 958 482 numiui
979 413 1109 484 dublum
1130 435 1196 486 sese
1216 419 1329 504 potest.

182 523 257 611 quin
278 522 437 588 tenemus
458 516 548 604 quasi
566 517 699 584 alterum
726 515 883 606 quoddam
908 514 1002 602 idque
1016 517 1231 604 neglegentius
1244 519 1329 587 senl-

182 627 269 710 ptum
291 619 490 706 apographon
512 617 647 686 eiusdem
670 616 838 702 arohetypi,
861 635 881 684 a
903 635 963 703 quo
975 617 1136 687 Parisinus
1156 617 1212 687 ille
1232 621 1328 707 on'gi·

181 742 251 792 nem
273 720 371 788 nuxit.
412 720 525 806 Itaque
551 719 701 804 quattuor
725 721 871 786 aoournte
897 717 989 784 modo
1015 717 1188 804 descriptas
1209 721 1329 808 figures

181 824 288 896 eadem
321 820 398 891 serie
430 819 569 899 exhibete
603 818 760 906 disorepat
794 819 919 887 tantum
952 817 986 886 in
1017 818 1185 890 leuioribus
1208 813 1329 890 'rehusr

181 944 271 997 senex
305 925 445 994 dextram
481 923 521 992 ad
551 923 690 991 mentum
721 920 881 1001 admouet,
914 921 1061 1008 puerulus
1090 921 1218 994 sinistre
1248 921 1330 992 nihil

181 1031 221 1096 to:
239 1028 275 1110 st,
307 1025 435 1094 nuntius
460 1025 511 1093 uir
532 1024 682 1092 barbatus
703 1023 760 1091 est.
796 1057 837 1072 -
874 1021 1081 1110 Tragoediam
1105 1024 1205 1111 signis
1225 1044 1330 1095 saroo·

181 1128 353 1215 phagorum
374 1143 548 1210 expressam
571 1142 636 1192 esse
661 1123 814 1191 lutulenti
836 1123 868 1191 hi
890 1124 986 1191 testes
1007 1126 1092 1192 sunt.
1133 1124 1257 1196 Etenim
1280 1123 1330 1192 ui·

181 1249 251 1298 rum
272 1227 437 1296 barbatum
455 1225 545 1293 illum
568 1225 602 1293 in
623 1225 700 1294 solio
722 1225 878 1294 ementem
898 1225 969 1311 quis
990 1226 1047 1311 est,
1068 1225 1144 1312 quin
1164 1224 1330 1312 intellegat

181 1332 331 1398 Theseum
354 1347 419 1396 esse
441 1327 586 1395 nuntium
618 1327 656 1395 de
687 1326 850 1414 Hippolyti
879 1326 1010 1394 interitu
1041 1326 1239 1396 audientem?
1281 1329 1330 1397 De

180 1430 300 1498 duabus
321 1428 449 1514 reliquis
471 1428 580 1514 liguris
603 1429 703 1496 multa
724 1429 803 1496 satis
824 1429 983 1514 eleganter
1006 1428 1174 1497 muleeteri
1188 1431 1330 1513 possunt,

80 1530 88 1545 ’
180 1531 290 1616 siquis
307 1528 385 1597 satie
407 1528 552 1596 hahuerit
573 1529 621 1596 hie
642 1529 752 1615 figuris
767 1528 1014 1615 qualemcunque
1034 1547 1158 1596 sensum
1180 1529 1328 1598 subluere.

180 1632 270 1700 Talia
293 1629 515 1715 interpretibus
541 1629 633 1698 iaelle
654 1630 914 1707 condustrinse
942 1648 1015 1696 nem
1035 1629 1063 1696 si
1086 1647 1146 1696 non
1163 1631 1328 1716 tragoedia

33 1791 34 1818 p
179 1733 246 1817 ipsa
266 1728 517 1813 interpretationi
538 1731 623 1796 uerte
644 1729 783 1796 subsidia
806 1728 959 1814 suggerit,
989 1729 1027 1796 de
1059 1748 1095 1796 aa
1130 1731 1236 1798 aetum
1269 1731 1327 1798 est.

180 1830 282 1915 Quare
303 1846 365 1896 non
385 1827 487 1893 minus
509 1827 548 1894 iis
569 1830 762 1895 antsuertere
784 1827 884 1908 uolui,
912 1827 966 1913 qui
995 1829 1100 1894 forsan
1123 1829 1211 1896 illam
1235 1829 1327 1898 lemi-

31 1917 32 1950 ¹
180 1949 252 1998 nam
287 1947 342 2012 pro
370 1926 427 1995 dea
454 1927 605 2005 tetrante
638 1927 688 1994 oui
720 1927 916 1996 mnieoturee
943 1927 1040 1995 etlam
1069 1928 1221 2013 obstrepit
1241 1931 1328 1997 totus

30 2009 31 2060 ³
179 2029 304 2097 habitus
340 2028 520 2114 modusque,
560 2046 622 2114 quo
656 2027 731 2094 huie
768 2045 897 2096 soesnae
931 2027 1048 2095 inserta
1083 2028 1130 2095 est
1166 2028 1219 2110 (ol.
1240 2029 1328 2098 Hink

178 2129 200 2198 l.
222 2129 242 2194 l.
265 2148 294 2212 p.
317 2125 403 2212 121);
433 2146 504 2195 oum
525 2129 558 2195 ni
579 2128 672 2196 fallor
698 2127 884 2196 uereoundie
909 2127 1063 2214 quaedem
1092 2127 1228 2197 artilloes
1254 2148 1327 2215 pro·

179 2228 308 2316 liberet,
331 2228 496 2314 quominus
517 2227 590 2298 deos
614 2229 672 2298 hoo
694 2228 785 2297 modo
807 2245 907 2315 neque
926 2227 1045 2314 insigni
1069 2227 1134 2295 ullo
1156 2226 1326 2299 instructos

73 2417 75 2422 Ι
166 2348 277 2416 neque
298 2331 427 2397 elatiore
447 2328 558 2397 habitu
579 2330 670 2398 rebus
691 2328 838 2398 humanis
859 2328 1078 2397 immiscerent.
1121 2329 1172 2398 dn
1186 2329 1326 2400 leuatum

131 2504 132 2508 ,
178 2450 197 2499 a
219 2431 346 2515 puerulo
368 2430 481 2512 latum,
502 2450 593 2516 quem
616 2431 696 2498 alter
718 2429 929 2516 eeroophagus
952 2429 1048 2498 etiam
1066 2430 1180 2516 omisit,
1201 2431 1327 2520 insigne

178 2550 243 2598 esse
264 2529 458 2598 affirmabis?
491 2566 531 2578 -
563 2530 739 2611 Rationem,
771 2548 833 2616 qua
854 2519 920 2596 reru¹
942 2528 1147 2614 expediemus,
1168 2530 1246 2598 satis
1267 2551 1327 2600 an·

122 2642 124 2649 '
178 2633 229 2696 tea
251 2630 380 2696 munivi.
424 2631 460 2697 ln
495 2630 598 2715 puella
628 2631 668 2697 ad
701 2631 841 2698 dextram
870 2631 1083 2714 progrediente
1107 2649 1197 2699 serua
1226 2651 1328 2719 agno·

157 2730 300 2816 suenda,
322 2748 402 2815 quae
422 2729 463 2798 ad
476 2731 627 2798 Theseum
652 2729 804 2796 festinans
827 2729 972 2797 nuntium
996 2729 1034 2796 de
1051 2729 1211 2799 Phaedrae
1226 2737 1327 2800 morto

178 2831 316 2898 allatura
337 2833 399 2908 esta
422 2831 506 2898 iussa
528 2831 585 2898 illa
606 2851 625 2898 a
647 2830 774 2897 domina
796 2830 908 2899 liberos
925 2830 1034 2898 Thesei
1055 2830 1128 2899 fidei
1149 2851 1186 2899 eo
1207 2832 1326 2902 tutelae

177 2933 381 3017 committere,
404 2933 492 2999 euius
513 2932 638 3017 signum
660 2931 825 3015 puerulum
847 2931 1008 3017 adportet3
1030 2951 1102 2999 uam
1125 2931 1225 3002 altera
1246 2953 1326 3019 quo-

176 3053 237 3120 que
268 3033 409 3100 Phaedre
443 3051 502 3100 non
538 3033 633 3099 semel
659 3034 784 3100 tentum
821 3033 990 3100 liberorum
1023 3052 1142 3101 memor
1181 3037 1229 3102 est
1268 3035 1324 3118 (ol.
1459 3027 1460 3036 '

143 3169 144 3174 =
177 3155 206 3202 r.
238 3137 311 3204 421.
344 3135 429 3216 717).
488 3125 617 3202 Sersam
653 3135 824 3201 comitatur
859 3135 1058 3220 paedagogus
1098 3154 1239 3202 -nam
1278 3135 1326 3203 sio

167 3237 278 3303 'senem
294 3235 405 3302 merito
420 3235 558 3301 nomines
570 3269 621 3318 -··‚
644 3233 699 3319 qui
720 3253 756 3301 ex
779 3235 931 3302 subitaria
946 3231 1105 3304 Phaedrae
1119 3255 1192 3304 nsoe
1213 3237 1326 3304 uolun-

137 3407 139 3414 ,
175 3337 258 3402 teria
289 3355 404 3403 nouam
429 3336 634 3420 suspicionem
663 3336 790 3402 trahens
819 3335 937 3403 domini
964 3335 1174 3404 innocentiam
1200 3339 1325 3404 strenue
1459 3355 1460 3376 ³

176 3435 313 3502 defendit
345 3435 454 3501 eontra
486 3453 619 3519 seruam,
655 3435 808 3501 Theseum
848 3436 980 3502 tortasse
1009 3435 1067 3503 hoo
1104 3435 1324 3506 dehortatores

142 3608 144 3613 Ι
175 3533 236 3619 fre·
258 3535 444 3718 44adiposi,
465 3639 617 3717 παραινῶ
638 3655 693 3699 σοι
713 3625 753 3699 ed
773 3633 916 3720 λῷστον·
937 3629 968 3700 ei
981 3637 1131 3722 φρονεῖς,

322 3729 424 3818 μηδὲν
444 3734 557 3800 πιθοῦ
577 3732 702 3818 γυναικὶ
722 3723 852 3821 τάληθῆ
873 3733 980 3801 κλύων
991 3737 1011 3801 ¹.

175 3917 267 3990 xxn)
285 3917 428 3992 Vorlegbl.
442 3917 500 3976 Ser.
513 3917 547 3976 V.
558 3917 591 3974 T.
604 3917 666 3974 XII.
682 3919 706 3974 l.
724 3918 850 3974 Dumont
864 3917 934 3974 Rev.
947 3915 1070 3975 erehdol.
1090 3917 1159 3973 rete
1176 3933 1205 3990 p.
1219 3919 1322 4010 lldeq.

175 4006 355 4078 lleydemann
372 4008 459 4066 Aroh.
477 4007 547 4064 zois
570 4009 639 4062 1872
657 4025 684 4078 p.
702 4009 746 4064 60.

276 4096 286 4129 ¹
304 4095 382 4155 Cede
409 4100 516 4166 roraret
534 4100 636 4151 ntideo
652 4097 725 4168 μηδὲ
745 4091 849 4163 τάληθῆ
866 4087 964 4166 κλύων,
985 4094 1061 4166 quod
1080 4093 1166 4167 vulgo
1184 4093 1323 4166 interpre-

173 4182 229 4239 tati
246 4187 323 4239 sunt:
343 4201 378 4240 ne
396 4184 492 4240 eredes
502 4184 624 4254 mulieri,
641 4183 752 4240 etiamsi
766 4201 834 4241 vera
845 4182 941 4254 audisp
961 4200 1046 4254 quam
1057 4182 1224 4238 metentium
1239 4199 1322 4255 pror·

177 4287 223 4327 sus
240 4288 400 4343 perversam
417 4272 524 4330 dudum
541 4272 706 4346 reprobavit
724 4271 817 4329 Hiller
840 4270 937 4346 (Liber
953 4271 1031 4329 miso.
1051 4269 1094 4329 ed.
1114 4289 1132 4328 a
1149 4287 1204 4328 soe
1221 4271 1322 4345 philol.
1459 4279 1460 4332 l
