2982 5006
723 258 757 311 58

173 427 306 494 Theseus
328 425 442 494 'l’hehis
464 427 639 510 revertitur,
671 427 753 513 quod
775 428 862 495 nullo
883 430 1040 512 praeterea
1061 427 1239 495 testimonio
1260 426 1312 493 ilr-

168 528 287 609 matur;
325 546 397 594 nam
420 529 459 595 eh
482 528 629 612 Euripide
655 528 741 611 (Hip.
764 528 840 606 792)
869 520 1001 611 θεωρός
1027 527 1152 594 tantum
1174 528 1311 622 uocatur.

168 625 293 692 iuvenis
313 625 441 692 aritium
461 627 507 694 itu
529 629 685 707 narratur,
714 627 803 711 quasi
825 627 854 694 ei
875 627 1040 711 Neptunus
1061 627 1171 710 sponte
1192 644 1229 692 nc
1250 624 1313 692 ior-

167 725 249 792 tuito
271 745 363 792 curru
386 727 544 796 invehenti
571 728 745 794 monstrum
771 726 948 807 immiserit,
981 744 1061 810 quae
1089 725 1175 792 ratio
1202 724 1237 791 in
1267 722 1314 790 his

167 824 337 893 historiolis
359 827 518 895 tralaticia
542 848 561 895 a
583 827 745 913 tragoedia
767 826 869 894 aliena
891 828 939 895 est
952 825 973 894 ².

267 925 352 993 Hinc
372 927 412 996 ad
434 929 577 996 Seruium
599 929 630 996 et
655 927 811 995 interioris
839 927 953 996 aetatis
985 928 1160 996 commenta
1189 925 1315 994 descen·

166 1027 293 1106 demere
314 1029 368 1098 illc
389 1029 471 1098 enim
494 1031 548 1114 (ad
562 1030 653 1116 Verg.
670 1031 748 1098 hen.
767 1029 819 1115 Vl,
833 1029 910 1116 445)
931 1049 1012 1098 nora
1033 1029 1155 1098 ratione
1176 1028 1315 1096 tabulam

166 1129 330 1213 detorquet
363 1129 404 1197 ad
439 1130 606 1198 historicae
641 1132 772 1214 speciem
811 1128 1035 1216 πραγματείας
1077 1149 1131 1215 pro
1167 1131 1315 1222 Neptuno

167 1231 307 1314 Aegeum
330 1233 449 1316 putrem
474 1233 676 1316 suuhstituens,
710 1234 764 1317 qui
784 1233 824 1300 ah
845 1232 929 1300 irato
954 1232 1020 1300 illio
1047 1230 1211 1299 invocatus
1236 1229 1315 1314 Hip·

168 1330 273 1417 polyto
295 1350 404 1400 currus
424 1333 561 1418 agitanti
590 1333 720 1418 phocam
737 1323 912 1401 immittat.
954 1331 1047 1400 Alter
1068 1331 1315 1418 mythogrephus

167 1431 340 1500 Vaticanus
364 1433 400 1518 (l.
424 1435 499 1517 128)
522 1433 665 1502 Servium
687 1433 862 1502 describens
889 1433 989 1515 addit,
1016 1432 1098 1519 quod
1125 1432 1165 1499 ad
1191 1431 1316 1498 intelle-

167 1533 302 1620 gendum
326 1534 464 1620 apprime
486 1535 691 1603 neceesarium
714 1537 771 1621 est,
797 1537 936 1621 Aegeum
958 1537 1035 1602 tunc
1052 1535 1207 1602 marinum
1223 1531 1314 1600 deum

165 1635 290 1705 luisset
333 1635 412 1704 Cum
434 1636 533 1724 igitur
553 1640 770 1706 monstruosus
791 1637 847 1705 ille
868 1637 923 1706 hos
947 1637 1086 1728 marinus
1108 1635 1173 1702 ueri
1202 1632 1317 1703 simili·

170 1807 368 1820 m—

90 1931 93 1939 ·
167 1927 195 1981 p.
215 1912 269 1967 8⁶8
291 1915 371 1968 ratus
396 1918 439 1970 est
462 1912 499 1969 ad
521 1913 595 1970 idem
619 1930 690 1984 opus
712 1913 850 1984 respicere
868 1910 982 1968 Suidam
1007 1928 1030 1968 s.
1048 1929 1075 1968 v.
1102 1911 1253 1986 ψιθυριατῇ
1281 1927 1316 1968 ex

168 1998 279 2072 Zopyro
297 2008 459 2060 narrantem
471 2001 609 2060 Theseum
626 2002 661 2061 de
679 2001 823 2060 Phaedrae
842 2000 872 2058 in
891 2000 1077 2074 Hippolytum
1095 2001 1241 2061 columniis
1257 2017 1316 2058 cer·

168 2089 270 2146 tiorem
288 2089 395 2148 iactum
414 2091 553 2149 Mercurio
574 2093 724 2170 upote-(ucri
743 2097 773 2150 ot
791 2092 889 2149 Amori
908 2098 937 2150 et
955 2091 1057 2150 Veneri
1080 2093 1217 2165 templum
1239 2089 1317 2148 dedi·

167 2197 250 2237 casse.
280 2208 313 2221 -
336 2180 379 2236 Dc
396 2180 459 2236 eliis
479 2181 600 2238 eiusdem
619 2182 739 2238 nominis
762 2181 947 2253 scriptoribus
974 2180 1010 2238 ci.
1029 2181 1103 2238 Jahn
1122 2180 1208 2238 Arch.
1227 2179 1317 2236 Beitr.

82 2257 85 2263 Δ
168 2285 195 2342 p.
215 2271 268 2323 272
286 2267 354 2342 (ti),
371 2269 473 2327 htiillor
490 2269 522 2326 F.
541 2270 575 2326 Η.
595 2270 627 2327 G.
645 2268 684 2328 IV
705 2287 732 2343 p.
753 2271 813 2327 ttt.
831 2299 864 2312 -
893 2267 948 2326 Sed
965 2268 1106 2343 Zopyrum
1130 2269 1220 2339 illum,
1246 2267 1314 2325 dnm

168 2357 338 2416 firmioribus
350 2358 519 2415 testimoniis
535 2359 594 2416 eius
607 2359 759 2417 auotoritas
772 2359 916 2432 fulciatur,
936 2359 1049 2417 missum
1065 2358 1209 2430 iaciamus,
1227 2375 1315 2430 quan·

167 2465 252 2521 quarn
274 2466 336 2506 oum
357 2448 573 2520 wyttenbachio
594 2449 668 2521 (Vol.
688 2449 712 2507 il
731 2449 762 2506 P.
777 2449 829 2522 lp.
843 2451 889 2522 78)
912 2449 1012 2522 opiner
1033 2467 1089 2506 non
1116 2465 1211 2506 omnes
1229 2445 1316 2505 histo·

167 2537 255 2594 riolas
275 2555 366 2608 neque
384 2555 479 2595 ornnes
499 2548 626 2597 suctores
645 2540 673 2596 in
692 2539 746 2598 hoc
763 2539 859 2597 libello
877 2538 1010 2597 confictos
1029 2557 1101 2610 essee
1130 2538 1205 2611 quod
1230 2537 1317 2594 etiam

167 2626 266 2684 liohde
287 2626 335 2684 Gr.
353 2627 434 2684 Rom.
452 2645 480 2700 p.
499 2629 581 2699 41(8)
600 2628 753 2686 contundit.
790 2629 862 2687 Nam
881 2633 1012 2686 accurata
1032 2626 1206 2701 singulorum
1224 2625 1316 2700 peral-

166 2716 284 2792 telorum
303 2716 473 2774 examinatio
492 2717 584 2775 adhuc
599 2717 790 2796 desideratur;
808 2735 892 2789 quam
904 2718 1038 2792 Hercher,
1057 2717 1106 2790 qui
1124 2716 1316 2789 impudentem

168 2804 314 2861 falsarium
332 2805 421 2862 libelli
439 2807 475 2863 de
484 2806 593 2864 Fluviis
613 2809 697 2865 semel
716 2807 889 2881 profligauit.
910 2825 964 2864 non
983 2805 1134 2880 praestitit
1154 2835 1187 2848 -
1206 2807 1247 2863 At
1266 2805 1317 2862 mi·

167 2893 242 2949 nime
254 2892 389 2967 retrager,
402 2895 426 2950 si
439 2894 502 2966 quis
514 2896 721 2954 Alexandrinae
740 2896 830 2968 poesis
850 2896 972 2953 rivulum
991 2896 1021 2952 in
1039 2899 1164 2952 nostram
1183 2893 1316 2951 fabellam

168 2982 310 3038 intinxisse
325 2985 492 3055 contendat3
519 3002 575 3057 quo
599 2985 723 3057 pertinet
740 2985 886 3043 Phaedrae
904 3003 979 3042 mors
998 2989 1116 3058 propter
1134 2983 1247 3041 Amoris
1264 2984 1317 3042 im·

166 3070 334 3142 patientiam
352 3069 398 3144 (ci.
409 3072 545 3130 Stohceus
564 3073 581 3130 l.
592 3074 636 3145 h);
655 3074 729 3130 idem
746 3075 782 3131 de
799 3073 917 3145 Byblida
935 3077 1054 3130 narrant
1072 3073 1167 3130 Conon
1185 3089 1261 3129 narr.
1278 3072 1316 3142 11,

167 3161 235 3215 Ant.
255 3158 350 3216 Liber.
369 3161 456 3218 XXX.
485 3191 519 3203 —
548 3161 689 3220 Falserius
714 3168 808 3220 autem
831 3167 956 3219 nostrarll
980 3161 1108 3218 fabulam
1131 3159 1267 3234 repetivit
1289 3159 1317 3218 d.

170 3247 251 3305 Fluv.
271 3249 320 3318 111,
341 3253 370 3319 13
388 3249 424 3307 ci.
443 3250 569 3308 Hercher
587 3251 662 3306 Piut.
680 3251 729 3307 lib.
746 3251 774 3309 d.
792 3251 872 3308 Fiuv.
891 3267 918 3323 p.
935 3252 971 3307 28
989 3267 1030 3321 sq.

269 3336 279 3370 ¹
298 3336 433 3394 Stobacus
451 3339 480 3407 (l.
491 3338 533 3408 l.)r
553 3339 731 3411 ἔαροζαμένου
742 3338 773 3394 tl
793 3339 841 3394 τοῦ
852 3333 1013 3395 Ἱππολύτου
1030 3335 1106 3408 παρὰ
1125 3334 1175 3394 τὸν
1191 3332 1318 3408 reinoldo

167 3425 212 3492 τῆς
231 3418 375 3495 θαλάσσης
391 3427 651 3501 rredpce'lnupcvetc
668 3427 797 3495 turstenc
816 3425 878 3490 rode
895 3431 998 3490 iuncus
1014 3429 1070 3484 ari.
1089 3453 1124 3469 ·-
1143 3427 1317 3498 interpretes

167 3512 326 3582 conticuere
339 3533 449 3580 omnes,
468 3534 628 3589 quanquam
645 3517 822 3590 leopecoptvou
834 3523 931 3590 aperte
948 3517 1112 3575 mendosum
1129 3520 1181 3573 est.
1218 3513 1317 3586 Epito-

167 3608 260 3659 mator
286 3605 404 3676 praebet
422 3605 470 3660 lut
487 3601 609 3680 ἅρματος
628 3599 735 3678 τυχόντι
754 3606 854 3678 ταῦρον
876 3608 1004 3680 ἔπεμψε,
1036 3606 1091 3663 alia
1121 3605 1210 3680 igitur
1235 3603 1317 3675 iegit-
1398 3677 1404 3686 η

168 3691 309 3750 Uritatum
328 3698 422 3751 autem
440 3693 566 3764 verbum,
594 3695 670 3767 quod
689 3701 718 3752 et
735 3712 845 3751 seersum
869 3695 1008 3768 epitomae
1031 3700 1061 3752 et
1083 3694 1164 3768 sigua
1189 3691 1316 3750 codicum

167 3782 250 3853 pleno
267 3786 296 3838 et
313 3781 437 3854 periente
459 3783 569 3854 reddat,
596 3783 672 3840 lraud
698 3784 893 3856 expiscaberis.
931 3785 1013 3848 Cave,
1041 3800 1077 3841 ne
1095 3782 1130 3840 de
1148 3781 1254 3854 biiugis
1272 3797 1318 3838 oo·

168 3871 256 3942 gites3
284 3889 350 3926 narn
368 3870 535 3944 Hippolytus
563 3872 761 3946 quadrigarius
788 3878 831 3930 est
856 3873 1006 3930 secundum
1026 3871 1211 3944 lapicidarum
1229 3871 1318 3942 picto·

169 3976 231 4014 rum
250 3964 397 4030 poetarum
415 3960 493 4031 (Eur.
503 3960 568 4032 Hip.
589 3962 667 4018 1212.
689 3961 766 4018 1229.
786 3957 889 4034 Hygini.
906 3960 929 4023 i.
948 3962 1012 4033 250)
1035 3964 1210 4017 constantem
1227 3975 1317 4015 usum.
1384 3950 1392 3963 “

169 4045 306 4115 Quocirca
318 4048 471 4106 Buecheler
488 4049 646 4121 suspicatur
663 4049 800 4120 elegantis
815 4049 950 4105 sermonis
969 4048 1160 4106 affectatorem
1173 4045 1317 4118 scripsirse

170 4136 354 4208 ἔωριζομένου
371 4136 430 4193 sive
448 4140 660 4210 αἰωριζομένουζ
681 4142 837 4208 sequuntur
854 4138 929 4195 enim
946 4140 1027 4193 ἵπποι
1045 4141 1075 4195 et
1093 4131 1180 4210 ἅρμα,
1198 4139 1231 4192 tlt
1248 4135 1318 4192 tatis

169 4223 352 4297 intellegatur
369 4240 453 4280 curru
471 4229 607 4295 tanquam
627 4225 723 4282 velans
741 4225 928 4298 pendensque.

270 4309 693 4372 *cl.tiseksdecal1.iten
719 4330 748 4387 p.
767 4315 810 4372 80.
838 4343 871 4356 -
900 4312 1019 4373 Brevior
1043 4317 1087 4372 est
1114 4311 1205 4371 altera
1226 4309 1320 4370 Servii
