2974 5030
665 305 715 362 111

114 482 250 552 ubertim
277 481 489 550 udlaorimans
510 478 691 563 laciniaque
716 477 882 562 mutegens
908 474 1021 544 inciam
1043 493 1117 544 uoce
1142 469 1261 561 trepida

114 587 160 654 sic
180 605 252 654 eum
272 584 408 653 breuiter
430 579 570 650 adlatur’
600 599 626 648 e.
649 599 679 664 q.
701 598 726 646 s.
752 613 794 626 -
815 577 903 660 Quae
924 577 976 646 hic
997 578 1065 646 iuse
1086 579 1263 662 narrantur,

114 706 151 754 ea
172 686 278 754 omnia
300 685 333 753 in
356 684 489 752 Senecae
515 681 678 766 tragoedia
702 679 907 764 reperiuntur.
951 679 1035 746 Nam
1061 679 1166 748 eodem
1194 698 1264 747 cru·

115 787 222 857 ciabili
244 786 400 872 prooemio
421 803 457 851 ea
478 801 590 850 scaena
606 783 754 848 exornata
774 782 830 861 est,
851 799 914 865 qua
929 779 1071 847 Phaedra
1085 780 1262 866 priuignum

114 888 292 957 clanculum
319 886 388 955 adit
418 884 534 953 blando
565 881 714 966 adloquio
742 881 877 948 delenire
907 880 1034 965 cupiens
1054 880 1096 959 (v.
1118 883 1180 948 592
1202 901 1263 966 sq.;
1306 901 1310 906 ·

115 991 154 1056 ci.
176 1007 270 1072 supra
296 1007 326 1072 p.
348 985 414 1070 33).
456 983 630 1051 Identidem
664 982 731 1061 illa,
763 982 814 1048 oui
843 979 915 1048 ‘ora
945 982 1062 1065 coeptis
1094 982 1262 1048 transitum

115 1088 217 1157 uerbis
238 1077 372 1174 negant’
394 1090 437 1165 (r.
460 1085 536 1166 602)
566 1086 675 1168 aptum
701 1081 860 1149 exordium
889 1081 1007 1150 frustra
1037 1081 1263 1170 circumspicit3

114 1191 258 1272 idemque
279 1186 491 1254 demonstrari
507 1184 543 1270 (l.
564 1185 600 1266 l.)
616 1183 804 1251 Ouidianum
826 1182 960 1266 puellam
984 1183 1170 1268 significare.
1205 1187 1264 1251 At-
1318 1245 1326 1254 .

115 1309 175 1374 que
206 1288 339 1356 Senecae
371 1285 560 1371 Hippolytus
592 1284 669 1351 item
698 1283 777 1350 nihil
808 1283 984 1368 suspicatus
1016 1282 1112 1351 simili
1144 1285 1264 1352 rationo

116 1388 241 1457 nutanti
256 1387 402 1456 subvenit
420 1387 537 1455 r.608:
555 1383 739 1452 ‘committe
759 1402 850 1450 curas
871 1383 1010 1464 euentus,
1032 1387 1142 1466 mater,
1165 1387 1263 1455 meis.

216 1489 288 1573 Ipsa
320 1486 447 1573 quidem
475 1485 624 1553 consessio
653 1484 695 1552 ab
721 1484 855 1568 Apuleio
880 1485 914 1550 in
938 1484 1064 1552 breuius
1091 1489 1265 1570 eontracta;
1330 1535 1334 1550 .

117 1591 265 1658 nimirum
288 1588 413 1658 fabulae
427 1588 620 1654 narratorem
635 1584 806 1671 legentium
823 1586 1043 1670 exspectationi
1057 1590 1177 1655 erectae
1191 1587 1265 1655 adeo

116 1691 286 1778 providere,
319 1692 355 1756 ut
389 1690 550 1756 mulierem
583 1687 670 1755 nulla
699 1686 881 1756 circuitione
911 1706 999 1755 usam
1021 1691 1129 1756 statim
1152 1690 1266 1756 amoris

116 1812 206 1861 uoces
238 1793 388 1860 audacter
418 1789 625 1856 effundentem
652 1788 763 1874 lingat,
790 1790 1030 1856 consentaneum
1051 1791 1108 1857 est.
1150 1791 1267 1858 Tamen

117 1896 212 1964 etiam
238 1892 374 1962 nuncin
397 1892 462 1961 eius
484 1891 587 1959 uerbis
613 1890 722 1959 relicta
754 1892 838 1971 sunt,
870 1909 950 1976 quae
981 1890 1133 1976 originem
1165 1893 1268 1960 mani·

117 1998 198 2064 festo
223 1996 372 2079 produnt3
403 2013 475 2060 nam
502 1995 575 2078 post
595 1991 787 2077 prooemium
808 1990 846 2059 de
867 1992 961 2060 unica
982 1985 1083 2059 salute
1103 1992 1136 2060 in
1158 1993 1267 2061 iuuene

117 2099 230 2184 posita,
261 2097 315 2181 qui
348 2095 447 2162 ocrulis
478 2094 543 2160 suis
574 2093 752 2160 incendium
778 2092 991 2178 commoverit,
1018 2093 1134 2179 pergit:
1165 2089 1266 2180 ‘Ergo

118 2199 262 2266 miserere
282 2198 338 2264 tua
361 2215 455 2262 causa
480 2194 637 2279 pereuntis
670 2212 733 2260 neo·
747 2195 778 2260 te
811 2193 921 2278 religio
945 2194 1044 2276 patrie
1066 2195 1192 2261 omnino
1213 2196 1267 2261 de·

118 2298 243 2379 terreat,
261 2288 262 2291 ’
277 2299 328 2365 cui
358 2296 543 2364 morituram
571 2313 696 2380 prorsus
723 2294 861 2362 servabis
884 2312 1019 2362 uxerem
1063 2295 1154 2364 Illius
1183 2295 1265 2364 euim

118 2418 339 2486 recognoscens
369 2399 539 2484 imaginem
571 2398 605 2464 in
634 2401 690 2466 tua
717 2396 796 2464 lucie
824 2398 936 2464 merito
957 2399 989 2465 te
1010 2398 1119 2484 diligo.
1161 2399 1266 2467 Habeo

118 2500 296 2588 solitudinis
328 2499 451 2584 plenam
483 2499 640 2578 fiduciam,
671 2499 765 2566 habes
798 2517 894 2582 capax
926 2497 1089 2566 necessarii
1121 2499 1266 2568 facinoris

118 2602 228 2670 otium.
272 2601 356 2669 llam
377 2599 460 2686 quod
482 2619 572 2668 nemo
597 2599 694 2682 nouit,
727 2618 824 2686 paene
846 2618 907 2666 non
929 2589 1007 2668 ut’1.
1040 2635 1083 2648 -
1115 2599 1265 2682 Phaedra,

120 2706 285 2789 postquam
306 2702 477 2770 identidem
499 2703 539 2769 ad
561 2702 680 2769 flebiles
701 2721 805 2786 preces
827 2701 1000 2787 deseendit,
1031 2703 1187 2788 postremo
1217 2703 1266 2768 iu-

120 2824 226 2870 uenem
246 2803 371 2888 supplex
392 2805 470 2884 orat,
491 2804 689 2884 mamantis,
712 2822 792 2888 quae
813 2803 846 2871 in
860 2803 951 2870 illum
967 2823 1064 2871 unum
1079 2803 1266 2887 exardescat,

119 2905 317 2980 misereatur;
346 2905 437 2971 illum
464 2905 546 2971 diem
573 2908 630 2972 aut
659 2905 776 2972 doloris
808 2907 865 2972 eut
887 2906 971 2972 uitae
994 2905 1087 2972 linem
1108 2904 1265 2972 iacturum

118 3005 479 3090 semestrem.
523 3006 631 3091 Neque
667 3007 828 3090 religionis
864 3006 1031 3085 excusatio,
1069 3006 1119 3074 oui
1154 3005 1266 3073 muller

103 3105 175 3172 'illa
195 3107 379 3191 aurmventit,
406 3107 439 3173 in
461 3107 633 3194 Hippolyto
655 3107 864 3193 desideratur,
896 3108 952 3193 qui
974 3107 1068 3174 matri
1090 3106 1204 3187 oranti,
1230 3106 1266 3172 ut

119 3207 246 3274 uiduam
273 3205 360 3275 ‘sinu
388 3210 542 3293 receptam
569 3210 739 3295 supplicem
766 3229 803 3279 ao
827 3199 970 3277 seruam'
992 3210 1082 3293 tegat
1110 3212 1153 3286 (u.
1177 3207 1264 3291 622),

119 3309 165 3376 ita
194 3309 568 3396 occurrissemus
602 3309 759 3379 ‘summus
791 3312 849 3378 hoc
884 3329 974 3378 omen
1012 3309 1086 3377 deus
1117 3311 1266 3391 Auertet3

119 3410 221 3477 aderit
256 3429 357 3495 sospes
390 3414 534 3479 actutum
570 3413 692 3498 parens’
726 3413 779 3495 (ci.
801 3432 896 3498 supra
922 3433 951 3498 p.
959 3408 1037 3492 ’34)
1081 3410 1151 3497 Sed,
1183 3411 1266 3497 quod

119 3531 184 3578 rem
206 3511 339 3592 conlinit,
369 3513 486 3580 femina
508 3512 565 3581 illa
587 3513 703 3581 incesto
725 3514 879 3582 latebram
902 3514 1026 3598 quaeerit
1046 3532 1197 3599 peraeque
1217 3533 1268 3580 ar·
1363 3592 1370 3611 .

119 3615 304 3698 grumentata
324 3633 358 3680 se
379 3614 478 3698 patris
499 3612 668 3698 imaginem
693 3614 726 3680 in
747 3614 813 3680 filio
835 3632 1062 3699 recognoscere,
1095 3615 1190 3698 atque
1212 3611 1269 3680 Se·

119 3730 212 3779 necue
234 3712 377 3779 Phaedra
398 3730 428 3779 r.
450 3713 513 3780 646
533 3731 590 3798 sq..
613 3732 693 3798 quae
713 3713 795 3781 hauc
816 3714 1003 3782 sententiam
1025 3713 1092 3782 fuse
1112 3712 1268 3798 explicans

119 3893 318 3904 φησι*

222 3986 230 4018 ¹
251 3982 385 4040 Crederes
403 3983 535 4040 extremis
553 3982 597 4039 hir
615 3983 709 4040 uerbis
727 3983 864 4041 lubricam
875 3985 1058 4056 Euripideum
1075 4001 1185 4040 morum
1203 3981 1267 4040 doo-

119 4070 224 4128 trlnam
251 4073 376 4142 captiose
402 4071 575 4129 ratiocinari.
613 4072 804 4130 Consimiliter
831 4074 945 4144 quidem
967 4072 1111 4144 Sophoclis
1134 4070 1267 4129 Deianira

119 4157 220 4215 Traoh.
238 4176 266 4215 v.
276 4161 330 4216 696
343 4177 397 4230 arpa
416 4157 454 4221 oie
471 4153 650 4232 cadamitate
668 4157 770 4234 αῖσχςκὶ
789 4157 926 4237 πράσσῃς,
942 4154 1037 4217 οὔποτ’
1050 4151 1167 4236 dalaiau
1179 4163 1268 4214 mouri.
1410 4183 1420 4198 ·

119 4246 238 4304 Nasonis
263 4248 392 4305 Phaedra
422 4247 548 4305 aitirmat
576 4249 688 4321 eulpam
715 4248 775 4322 tegi
798 4267 889 4321 posse,
909 4247 977 4306 ‘nec
998 4249 1080 4306 labor
1100 4253 1152 4320 esc,
1178 4247 1269 4306 calare

118 4331 194 4392 licet’
215 4336 292 4407 (Her.
311 4335 358 4403 IV,
380 4338 430 4392 167
447 4339 530 4408 aq.).·
