2982 5006
177 585 210 652 in
232 581 333 669 priore
354 576 473 646 iabnla.
517 576 553 642 ln
582 595 645 662 qua
666 577 847 662 quaestione
861 565 964 645 ‘miror
985 577 1204 665 Aristophanis
1226 581 1324 648 cauil-

177 685 308 754 lationes
329 680 369 746 ab
390 677 534 746 omnibus
557 677 715 762 neglectas
741 697 816 745 esse.
859 677 917 746 Ille
938 679 1020 747 enim
1042 680 1156 748 acriter
1176 681 1209 749 in
1232 683 1324 750 Euri·

177 784 258 871 pidis
285 780 440 848 Phaedrae
472 777 596 861 πόρνας
626 777 767 846 inuectus
793 777 1241 868 (Ean.1043)¹'Aeschylum
1268 783 1324 851 de·

177 883 351 954 tendentem
373 879 547 947 introducit
567 879 732 963 antiquum
754 881 786 946 et
806 881 926 948 castum
950 881 1104 949 scribendi
1118 902 1234 952 morem
1249 903 1325 952 con·

176 986 227 1050 tra
249 979 438 1064 Euripidem,
470 979 525 1064 qui
552 980 697 1064 stuprum
722 977 785 1046 iere
805 979 907 1063 ipsum
935 980 966 1047 in
994 1000 1136 1049 scaenam
1167 983 1322 1069 produxit,

176 1085 225 1153 his
248 1084 350 1150 verbis
371 1082 450 1150 Rau.
476 1082 572 1149 1053:
607 1069 676 1146 ἀλλ’
698 1071 929 1164 ἀποκρύπτειν
948 1077 1008 1173 χρὴ
1029 1077 1069 1147 τὸ
1090 1081 1235 1172 πονηρὸν
1264 1079 1323 1153 τόν

176 1209 211 1271 γι
226 1183 373 1272 ποιήιην.
417 1182 521 1266 Quid?
550 1182 585 1251 Si
605 1182 772 1266 Sophocles
786 1201 908 1269 quoque
922 1184 1096 1252 Phaedram
1116 1204 1206 1254 suam
1227 1187 1324 1272 pesti·

175 1286 241 1353 iero
260 1283 389 1351 libidine
410 1281 577 1350 manifesto
597 1284 720 1367 raptam
743 1283 777 1348 in
800 1301 943 1350 scaenam
964 1282 1145 1368 induxisset,
1167 1287 1322 1354 nunideri

176 1387 244 1452 tum
277 1383 402 1451 omnino
432 1383 544 1468 potuit,
578 1385 614 1449 ut
644 1384 780 1450 comicus
801 1383 849 1450 his
878 1383 1026 1451 conuiciis
1048 1384 1227 1470 Euripidem
1247 1406 1322 1454 oon·

168 1484 368 1549 sectaretur?
409 1482 521 1564 ltaque
553 1482 635 1566 quod
663 1483 758 1548 Lchrs
785 1484 861 1550 olim
889 1484 1051 1550 contendit
1080 1485 1205 1568 (Popul.
1231 1487 1321 1552 Auis.

176 1597 205 1660 p.
223 1579 292 1655 18)=
313 1578 340 1642 si
362 1597 415 1643 eae
434 1577 594 1661 Sophoclis
616 1579 741 1644 debuine
760 1583 902 1646 seruatae
923 1583 1034 1662 essent,
1057 1581 1090 1645 in
1105 1582 1217 1664 quibus
1231 1585 1322 1664 poeta

175 1673 326 1740 Helenam
348 1674 380 1762 in
402 1693 547 1741 scaenam
561 1674 771 1742 deducendam
786 1675 847 1741 sibi
863 1675 1032 1760 propos'ult,
1054 1678 1128 1758 iore,
1149 1681 1185 1742 ut
1199 1679 1321 1744 castum

174 1776 205 1841 et
225 1773 371 1858 pudicum
394 1775 549 1842 tractandi
572 1794 689 1843 morem
711 1775 948 1852 admiraremur,
970 1775 1002 1842 id
1024 1796 1122 1863 aequo
1143 1777 1259 1845 iudicio
1280 1778 1320 1845 ad

175 1875 349 1944 Phaedram
371 1877 578 1959 traducemus,
605 1877 787 1964 praesertim
810 1897 881 1945 oum
901 1878 965 1946 eius
987 1877 1182 1947 moderantia
1203 1898 1238 1947 er
1259 1878 1320 1964 ing.

174 1980 237 2049 614
259 1978 318 2068 ipsi
339 1979 500 2051 Phaedrae
527 1982 593 2052 sine
614 1981 709 2051 dubio
736 1980 924 2070 assignando
946 1979 1081 2052 dilucide
1101 1983 1321 2070 cognoscatur:

372 2110 533 2195 σύγγνωτε
555 2111 762 2193 κᾶνάσχεσθι
785 2111 937 2196 σιγῶσαι·
958 2105 997 2178 roi
1017 2105 1077 2197 γὰρ

371 2209 513 2296 γυναιξὶν
533 2207 666 2296 αἰσχρὸν
686 2196 722 2279 sc’
744 2214 900 2297 γυναῖκ’
923 2211 976 2278 dei
994 2209 1127 2298 στέγειν.

174 2335 283 2404 Nonne
314 2336 475 2421 Sophoclis
501 2338 644 2404 Phaedra
672 2338 731 2405 hoc
761 2339 845 2416 loco,
882 2356 1043 2424 quocum
1073 2338 1166 2405 choro
1193 2339 1317 2407 foedum
1459 2327 1462 2336 ’

171 2457 309 2508 amorem
335 2437 579 2506 communicasse
600 2437 733 2519 uidetur,
766 2442 803 2506 ut
824 2438 975 2524 posterior
997 2437 1140 2506 Phaedra
1162 2439 1318 2524 Euripidis
1461 2473 1462 2489 ι

174 2559 203 2608 r.
224 2540 287 2607 373
309 2543 385 2624 sq.⁸,
418 2541 506 2626 qnasi
538 2540 736 2608 commendat
768 2542 799 2608 et
825 2542 972 2626 praestat,
1004 2539 1088 2625 anod
1115 2539 1148 2606 in
1172 2539 1319 2625 Euripide

173 2640 345 2727 Aeschylus
366 2640 448 2726 apud
472 2641 623 2709 comicum
647 2641 825 2710 desiderat?
868 2645 972 2728 Atque
994 2642 1027 2708 ni
1054 2641 1147 2709 fallor
1168 2643 1258 2726 poeta
1280 2640 1319 2708 de

172 2742 327 2809 industria
348 2742 528 2810 suadentem
553 2744 711 2811 heroinam
735 2744 828 2829 fingit
854 2746 972 2811 castam
996 2743 1245 2811 taciturnitatem
1265 2762 1319 2826 pe·
1458 2719 1461 2798 ,³

172 2844 326 2912 tolentiae
348 2844 546 2925 contrariam,
575 2864 636 2929 qua
658 2845 743 2930 prior
764 2845 922 2931 Euripidis
943 2845 1086 2912 Phaedra
1108 2843 1224 2910 crimen
1245 2862 1319 2928 pro·

171 2944 251 3011 fessa
272 2947 341 3012 erat
361 2946 416 3026 (ci.
439 2945 499 3031 frg.
520 2947 614 3029 Aac„
646 2965 726 3032 quae
755 2947 907 3030 quantum
933 2946 1051 3013 afuerit
1078 2946 1118 3012 ab
1149 2943 1316 3011 occulenda
1459 2991 1460 2994 ,

170 3047 273 3112 taetra
294 3046 423 3114 libidine
444 3066 480 3114 er
500 3067 548 3130 ea,
571 3066 665 3131 quam
688 3047 882 3130 adumbravi,
906 3047 1045 3131 imagine
1068 3046 1212 3132 cognosci
1233 3046 1317 3114 licet

169 3143 282 3231 ltaque
308 3145 390 3232 quod
413 3146 637 3232 Aristophanes
663 3146 786 3232 saepius
811 3147 968 3232 Euripidis
990 3147 1164 3214 Phaedram
1192 3147 1318 3232 propter

169 3248 268 3332 ipsam
295 3249 470 3330 materiam,
503 3251 539 3315 ut
562 3249 694 3330 videtur,
723 3249 945 3316 contumeliose
966 3247 1095 3314 denotat
1115 3248 1169 3330 (ct.
1192 3248 1315 3314 Ehesm.
1458 3243 1459 3276 ³

131 3427 132 3432 ,
171 3350 241 3417 153.
256 3347 332 3433 497)
353 3350 445 3433 plene
466 3349 632 3435 neglegens
645 3347 828 3434 Sophoclem
850 3367 974 3434 quoque
989 3335 1163 3416 Ph'eedrarn
1183 3349 1218 3416 in
1230 3367 1318 3416 sone·

169 3467 242 3516 nam
262 3450 449 3534 produxisse,
471 3451 503 3517 id
525 3449 697 3518 faciliorem
719 3449 907 3534 explicatum
928 3448 1064 3533 habehit,
1097 3447 1125 3515 si
1150 3450 1316 3534 sumpseris

270 3723 279 3756 ¹
299 3721 404 3777 Ambae
423 3720 566 3778 Phaedrae
584 3721 715 3791 denotat3
733 3739 799 3777 nam
817 3721 871 3777 hoc
888 3720 950 3776 loco
965 3719 1107 3776 Phaedrus
1125 3736 1188 3776 cuns
1201 3717 1316 3776 Sthene·
1456 3711 1457 3724 ¹

168 3807 246 3867 boeis
263 3809 418 3884 componit,
449 3828 511 3868 cum
531 3809 700 3884 Melanippi·
718 3809 829 3868 Thesm.
848 3810 900 3866 647
921 3807 1026 3866 addens
1043 3807 1180 3882 singulari
1199 3823 1315 3865 numero

166 3893 333 3966 Πηνελόπην
352 3900 384 3954 el
408 3893 548 3955 cincinos’
571 3899 689 3966 ruerent
725 3900 820 3956 Nihilo
843 3899 933 3956 secius
950 3897 1104 3968 Aeschylus
1122 3898 1141 3953 1.
1161 3898 1179 3952 l.
1198 3898 1256 3954 tale
1274 3896 1316 3952 si·

166 3986 238 4043 tium
261 3987 397 4062 exagitat,
424 3988 500 4060 quod
519 3987 670 4059 Euripides
692 3987 723 4044 in
747 3991 902 4044 retractata
930 3985 1027 4043 tabula
1053 3984 1134 4042 anxie
1161 3983 1316 4054 vitaveratp

92 4088 94 4093 ·
166 4093 270 4131 novum
292 4077 321 4132 id
345 4078 551 4142 documentum,
579 4093 663 4146 quarn
694 4093 751 4132 non
775 4077 813 4133 ad
835 4077 930 4132 vistim
954 4074 1074 4132 resecari
1092 4074 1194 4130 debeat
1213 4072 1316 4130 cornici

166 4164 382 4306 ψωῳὸοᾱᾱ.
401 4255 451 4305 aut
470 4251 502 4305 dv
518 4254 626 4320 γυναικὶ
646 4256 696 4307 aut
708 4247 761 4307 σὺν
771 4256 894 4321 γυναιιις
912 4242 943 4306 eri
954 4257 1069 4321 γυναῖκα
1083 4248 1196 4322 scripsit
1207 4247 1315 4305 Nauck.

266 4335 362 4392 ⁸Alio
380 4354 461 4393 sensu
480 4337 623 4410 Euripidis
641 4337 769 4396 Phaedra
787 4356 814 4396 ν.
829 4339 881 4395 710
894 4356 936 4411 aq.
954 4338 1097 4396 silentium
1114 4343 1248 4409 precatur
1265 4334 1314 4410 (ct
1453 4405 1454 4410 ἵ

166 4421 296 4479 wodor
313 4424 333 4480 1.
352 4425 371 4480 ι.
389 4443 418 4497 p.
437 4427 508 4494 sse).
