2974 5030
719 427 772 485 no

171 618 244 670 eum
264 597 336 670 Sole
355 599 599 669 commutatione
619 595 704 682 (ll.)
725 594 944 664 Alexandrinis
970 592 1088 661 usitata
1112 591 1321 676 (oi.Schneid.

169 702 194 770 l.
213 702 287 786 lp
312 699 397 786 199).
434 733 476 748 ·-
505 697 643 764 &udam
665 698 772 764 autem
795 697 895 762 artem
919 693 1037 761 redolet
1057 693 1124 760 ianr
1146 693 1200 760 ille
1221 692 1321 760 ilarue

171 801 273 888 pudor
293 805 401 869 tenera
426 818 481 866 ora
502 799 649 883 tinguens
677 796 750 880 (Or.
770 796 793 863 l.
814 796 837 863 l.
858 794 929 864 San.
951 794 973 862 l.
993 794 1031 878 l.)
1076 793 1200 879 qualem
1229 793 1322 878 poeta

171 903 423 972 rtnacreonteus¹
447 898 588 986 Bathylli
610 898 699 984 genis
717 896 866 982 pictorem
882 895 1034 963 obducere
1047 895 1208 981 praee-ipit,
1226 912 1321 979 quam

171 1005 279 1090 capilli
300 1005 389 1071 nulla
410 1003 480 1087 lege
501 1002 637 1069 iacentes
657 1000 690 1066 et
710 998 887 1082 incomptus
907 996 1008 1076 decor,
1033 1013 1127 1080 quem
1146 997 1178 1062 et
1191 993 1322 1062 Ovidius
1450 1075 1456 1096 1

171 1110 207 1190 (l.
229 1107 252 1174 l.
273 1125 303 1172 r.
326 1106 367 1171 75
387 1106 448 1188 eq.)
471 1103 503 1169 et
524 1100 641 1169 Seneca
663 1100 705 1182 (r.
727 1099 799 1166 657.
822 1097 898 1181 803)
920 1097 1087 1164 celebrant.
1130 1097 1211 1164 Nam
1236 1094 1323 1180 cogi·
1370 1143 1373 1150 -

171 1209 241 1277 tata
274 1205 401 1274 habitus
432 1202 630 1289 neglegentia
664 1199 827 1286 respondet
861 1200 887 1266 ei
921 1197 997 1284 quid
1028 1216 1167 1284 unquam
1202 1198 1322 1265 exculto

171 1307 319 1396 pingendi
349 1305 429 1374 artis
460 1304 561 1374 amori
592 1322 631 1371 ae
660 1301 777 1370 studio.
819 1301 931 1387 ltaque
961 1301 1053 1387 poete
1084 1299 1137 1368 ille
1164 1298 1323 1368 cincinnos

172 1410 395 1495 incompositos
420 1407 452 1473 in
483 1406 570 1491 pueri
596 1405 644 1472 sui
672 1403 810 1490 imagine
836 1403 956 1471 elhotos
987 1403 1090 1484 veerte
1123 1405 1155 1470 et
1184 1402 1324 1487 picturae

172 1511 382 1596 Pompeianae
402 1509 526 1579 abunde
546 1507 626 1575 talia
646 1506 819 1574 illustrant.
845 1541 883 1555 -
911 1505 978 1574 lam
998 1505 1099 1590 igitur
1121 1505 1261 1590 paratior
1281 1504 1322 1572 ad

170 1612 392 1682 examinandos
406 1611 485 1678 duos
499 1609 603 1678 Ouidii
627 1607 711 1676 locos
733 1607 873 1694 procedo.
916 1608 954 1676 ln
976 1608 1075 1677 altero
1096 1609 1143 1676 ite
1164 1604 1323 1693 componit

171 1713 290 1782 'lheseo
310 1712 412 1779 hlium
432 1712 503 1778 hrt.
524 1711 596 1777 hm.
618 1709 644 1790 l,
665 1709 727 1776 509
749 1728 809 1793 sep:

275 1839 388 1906 Forma
409 1838 493 1904 riroe
515 1836 658 1923 neglecte
680 1836 778 1903 deret
821 1835 962 1904 Minoida
984 1835 1119 1904 'l'heeeue

121 2027 129 2038 ·
321 1939 464 2022 abstulit,
485 1959 505 2008 a
527 1939 615 2007 nulla
636 1941 778 2024 tempora
799 1941 941 2024 comptus
962 1958 1031 2009 acu.

273 2043 480 2130 Hippolytum
501 2041 653 2123 Phaedra,
676 2060 733 2110 nec
757 2041 826 2110 erat
846 2041 923 2110 hene
945 2041 1059 2121 cultus,
1080 2041 1212 2110 amavit.

54 2243 67 2257 .
174 2173 213 2241 1n
234 2171 348 2256 quibus
369 2172 461 2254 poeta
482 2169 666 2254 neutiquam
688 2169 785 2238 lihero
805 2169 900 2247 lusitr
932 2189 1006 2238 nam
1028 2169 1066 2237 de
1088 2168 1198 2236 Thesei
1225 2169 1324 2254 capil-
1371 2214 1375 2220 -
1446 2207 1449 2216 ·

172 2273 276 2340 lorum
298 2271 387 2338 cultu
408 2271 501 2356 plura
522 2270 670 2337 animust
693 2303 733 2320 -
754 2271 870 2338 lterum
887 2287 960 2338 rero
982 2270 1123 2353 pateret
1144 2269 1228 2336 filius
1249 2289 1324 2337 con·

173 2374 318 2440 luuntur
338 2372 371 2439 in
393 2370 536 2438 distichis
557 2371 606 2438 illi
627 2370 779 2455 epistulae
801 2370 869 2438 loeo
891 2370 1159 2455 praecedentibus:

273 2498 344 2566 Hoc
364 2513 487 2583 quoque
508 2493 606 2565 ialale
625 2497 682 2581 est,
703 2493 823 2581 placuit
843 2494 954 2562 domus
975 2514 1039 2563 nna
1060 2494 1196 2576 duahus3

322 2618 373 2667 me
393 2600 450 2667 tua
471 2598 572 2665 forma
593 2597 689 2682 oepit,
711 2599 803 2684 capta
825 2598 953 2683 parente
974 2616 1071 2666 soror.

274 2701 439 2769 'lheseldee
460 2700 656 2785 Theseusque
677 2699 756 2768 duas
776 2719 905 2785 rapuere
925 2719 1062 2769 sorores:

325 2804 431 2888 ponite
451 2803 491 2869 de
511 2803 619 2868 nestra
639 2801 713 2868 birra
736 2802 864 2886 tropaea
885 2802 978 2870 domo
986 2805 1010 2869 ⁴.

175 2926 338 2996 unumne
358 2926 538 3013 provocatio
558 2926 599 2995 ad
621 2927 720 2994 interm
742 2927 911 2996 artificium
934 2931 982 2997 est
1003 2927 1166 3013 tragoedia
1180 2901 1334 3015 dignumss'

177 3048 240 3115 quo
265 3029 445 3115 Euripidem
472 3046 506 3095 re
531 3046 605 3096 rere
637 3047 728 3096 usum
761 3049 827 3098 esse
851 3029 968 3098 Seneca
1000 3029 1185 3098 documento
1216 3031 1265 3097 est
1296 3049 1325 3096 e.

173 3132 238 3200 665
260 3151 323 3219 sep:

276 3405 286 3440 ¹
304 3407 409 3463 umor.
430 3403 505 3476 XVI,
522 3423 550 3464 v.
568 3407 602 3464 18
621 3423 662 3479 sq.
698 3405 794 3480 Bergk
809 3405 842 3464 P.
860 3405 893 3464 L.
912 3406 956 3466 ed.
973 3406 1024 3464 111.
1041 3425 1069 3481 p.
1088 3410 1168 3466 1056.

278 3495 291 3529 ¹
308 3495 412 3551 Annor-
430 3494 449 3550 l.
467 3494 486 3551 l.
504 3513 530 3552 s.
550 3496 568 3551 d
585 3513 627 3568 eq.
664 3496 706 3554 Gi.
723 3497 812 3554 Anth.
830 3496 889 3554 Pal.
907 3496 970 3562 XII,
989 3499 1050 3554 192.

275 3583 475 3642 ’Plutarchus
502 3583 596 3656 (Thes.
623 3605 647 3644 a
671 3585 708 3660 V)
734 3587 771 3645 de
795 3586 903 3645 'lheseo
929 3592 1042 3645 narrate
1072 3588 1196 3660 ἐκείρατο
1222 3588 1255 3644 dl
1281 3590 1327 3658 τῆς

176 3672 300 3747 κεφαλῆς
315 3668 350 3728 re'r
367 3667 498 3745 πρόσθεν
512 3669 612 3746 μόνον,
630 3669 726 3748 ὥσπερ
736 3670 857 3749 Ὅμηρος
873 3677 930 3752 ἔφη
948 3673 1011 3738 τοὺς
1019 3670 1161 3756 Ἄβαντας·
1184 3681 1231 3734 aeut
1248 3679 1327 3736 reiro

31 3813 33 3818 .
174 3761 223 3829 τῆς
238 3761 339 3833 κουρᾶς
355 3759 387 3816 τὸ
405 3765 488 3832 γένος
506 3765 608 3832 Θησηῒς
625 3759 782 3838 ὤνομᾶσθη
799 3765 836 3821 δι’
854 3766 969 3823 ἐκεῖνον.
1005 3765 1047 3823 Gi.
1064 3765 1194 3826 Schneid.
1212 3766 1280 3824 culi.
1298 3766 1326 3823 11

174 3865 205 3918 p.
225 3848 286 3904 184.
321 3849 417 3906 Naelne
434 3850 455 3905 l.
472 3851 492 3907 l.
511 3868 539 3921 p.
559 3852 619 3907 119.

275 3938 289 3970 ⁴
305 3935 388 3993 Haud
406 3941 513 3994 umere
528 3937 655 3995 mulcere
667 3938 765 3996 videor
775 3945 889 4012 metam
900 3939 1125 3998 Alexandrinum
1137 3941 1230 3998 nescio
1242 3958 1326 4012 quem
1398 3971 1401 3974 ·

174 4021 276 4080 Thesei
294 4024 323 4081 in
340 4023 426 4082 Creta
442 4026 581 4083 versantis
598 4043 643 4083 rea
660 4033 753 4106 gestu
766 4029 957 4085 illustrantem
970 4029 1030 4085 eius
1042 4016 1252 4100 pulchritudine
1264 4028 1325 4085 inse

173 4110 354 4184 depingenda
369 4113 515 4185 usmplar
531 4115 719 4186 proposuisse,
748 4116 785 4171 ad
802 4115 879 4185 quod
896 4116 1016 4173 iortme
1033 4115 1192 4174 muomnda
1208 4117 1266 4172 sint
1283 4114 1325 4171 di·

175 4203 253 4254 serta
269 4199 306 4257 de
322 4198 423 4258 Thesei
442 4201 586 4258 medeae
602 4203 726 4275 raptoris
744 4203 956 4276 pulchritudine
979 4203 1153 4262 testimoniur
1182 4202 1284 4276 Hygin.
1304 4201 1325 4260 l.

45 4315 50 4323 ·
174 4285 238 4341 110.
264 4285 440 4362 navem.
458 4292 530 4346 Aen.
550 4290 597 4357 vi,
618 4293 659 4347 14.
687 4291 829 4364 Mythogr.
841 4291 931 4351 Vatia
949 4292 973 4364 1,
989 4295 1040 4364 483
1057 4292 1093 4363 11,
1108 4294 1167 4347 inl.
1194 4291 1326 4348 Eustath.

175 4371 291 4444 Dionys.
308 4373 418 4449 Perieg.
439 4379 516 4434 1017.
545 4376 653 4436 (thoria
671 4379 715 4436 ed
734 4379 821 4436 Boias.
840 4397 869 4452 p.
890 4382 952 4437 lna.
969 4409 1004 4422 -
1022 4379 1149 4436 Getullu·
1168 4375 1204 4448 (c.
1222 4377 1326 4450 dxiv)

174 4462 293 4532 sparsim
315 4463 353 4519 ud
369 4463 464 4521 herois
479 4465 720 4538 pulchritudinem
737 4467 840 4524 alludit
857 4467 903 4541 (ei.
916 4486 943 4526 v.
955 4469 1000 4526 98.
1016 4469 1085 4538 llo).
