<?xml version="1.0" encoding="UTF-8"?>
<!DOCTYPE html PUBLIC "-//W3C//DTD XHTML 1.0 Transitional//EN"
    "http://www.w3.org/TR/xhtml1/DTD/xhtml1-transitional.dtd">
<html xmlns="http://www.w3.org/1999/xhtml" xml:lang="en" lang="en">
 <head>
  <title>
</title>
<meta http-equiv="Content-Type" content="text/html;charset=utf-8" />
  <meta name='ocr-system' content='tesseract 3.04.00' />
  <meta name='ocr-capabilities' content='ocr_page ocr_carea ocr_par ocr_line ocrx_word'/>
</head>
<body>
  <div class='ocr_page' id='page_1' title='image "./dehippolytiseur01kalkgoog_0051.png"; bbox 0 0 2982 5006; ppageno 0'>
   <div class='ocr_carea' id='block_1_1' title="bbox 185 596 1330 691">
    <p class='ocr_par' dir='ltr' id='par_1_1' title="bbox 185 596 1330 691">
     <span class='ocr_line' id='line_1_1' title="bbox 185 596 1330 691; baseline -0.007 -21"><span class='ocrx_word' id='word_1_1' title='bbox 185 601 404 691; x_wconf 89' lang='lat' dir='ltr'><strong>pronuntietur</strong></span> <span class='ocrx_word' id='word_1_2' title='bbox 411 603 431 667; x_wconf 89' lang='lat'><strong>¹.</strong></span> <span class='ocrx_word' id='word_1_3' title='bbox 476 597 584 666; x_wconf 84' lang='lat' dir='ltr'><strong>Audeo</strong></span> <span class='ocrx_word' id='word_1_4' title='bbox 605 597 705 684; x_wconf 78' lang='lat' dir='ltr'><strong>igitur</strong></span> <span class='ocrx_word' id='word_1_5' title='bbox 727 599 866 684; x_wconf 82' lang='lat' dir='ltr'><strong>lduripidi</strong></span> <span class='ocrx_word' id='word_1_6' title='bbox 888 598 1048 684; x_wconf 75' lang='lat' dir='ltr'><strong>assignare</strong></span> <span class='ocrx_word' id='word_1_7' title='bbox 1068 597 1129 684; x_wconf 73' lang='lat' dir='ltr'><strong>irg.</strong></span> <span class='ocrx_word' id='word_1_8' title='bbox 1149 596 1253 684; x_wconf 89' lang='lat' dir='ltr'><strong>sdesp.</strong></span> <span class='ocrx_word' id='word_1_9' title='bbox 1273 597 1330 663; x_wconf 73' lang='lat'><strong>72:</strong></span> 
     </span>
    </p>
   </div>
   <div class='ocr_carea' id='block_1_2' title="bbox 178 692 1401 1993">
    <p class='ocr_par' dir='ltr' id='par_1_2' title="bbox 381 692 1108 788">
     <span class='ocr_line' id='line_1_2' title="bbox 381 692 1108 788; baseline -0.004 -22"><span class='ocrx_word' id='word_1_10' title='bbox 381 692 520 766; x_wconf 72' lang='grc' dir='ltr'><strong>πολλάκι</strong></span> <span class='ocrx_word' id='word_1_11' title='bbox 540 721 599 782; x_wconf 85' lang='grc' dir='ltr'><strong>μοι</strong></span> <span class='ocrx_word' id='word_1_12' title='bbox 620 699 797 784; x_wconf 71' lang='grc' dir='ltr'><strong>πραπίδων</strong></span> <span class='ocrx_word' id='word_1_13' title='bbox 816 697 935 788; x_wconf 72' lang='grc' dir='ltr'><strong><em>διῆλθε</em></strong></span> <span class='ocrx_word' id='word_1_14' title='bbox 956 695 1108 786; x_wconf 76' lang='grc' dir='ltr'><strong>φροντίς,</strong></span> 
     </span>
    </p>

    <p class='ocr_par' dir='ltr' id='par_1_3' title="bbox 381 792 888 884">
     <span class='ocr_line' id='line_1_3' title="bbox 381 792 888 884; baseline -0.004 -18"><span class='ocrx_word' id='word_1_15' title='bbox 381 793 449 867; x_wconf 75' lang='grc' dir='ltr'><strong>εἴτε</strong></span> <span class='ocrx_word' id='word_1_16' title='bbox 470 793 552 880; x_wconf 72' lang='grc' dir='ltr'><em>τύχα</em></span> <span class='ocrx_word' id='word_1_17' title='bbox 572 797 653 884; x_wconf 78' lang='grc' dir='ltr'>[τις]</span> <span class='ocrx_word' id='word_1_18' title='bbox 674 792 741 866; x_wconf 76' lang='grc' dir='ltr'><strong>εἴτε</strong></span> <span class='ocrx_word' id='word_1_19' title='bbox 760 795 888 882; x_wconf 72' lang='grc' dir='ltr'><em>δαίμων</em></span> 
     </span>
    </p>

    <p class='ocr_par' dir='ltr' id='par_1_4' title="bbox 379 893 722 984">
     <span class='ocr_line' id='line_1_4' title="bbox 379 893 722 984; baseline -0.006 -19"><span class='ocrx_word' id='word_1_20' title='bbox 379 894 421 965; x_wconf 80' lang='grc' dir='ltr'><strong>τὰ</strong></span> <span class='ocrx_word' id='word_1_21' title='bbox 439 893 573 984; x_wconf 76' lang='grc' dir='ltr'><strong><em>βρότεια</em></strong></span> <span class='ocrx_word' id='word_1_22' title='bbox 590 897 722 982; x_wconf 80' lang='grc' dir='ltr'><strong>κραίνοι,</strong></span> 
     </span>
    </p>

    <p class='ocr_par' dir='ltr' id='par_1_5' title="bbox 380 994 962 1085">
     <span class='ocr_line' id='line_1_5' title="bbox 380 994 962 1085; baseline 0 -19"><span class='ocrx_word' id='word_1_23' title='bbox 380 994 473 1085; x_wconf 77' lang='grc' dir='ltr'><em>παρά</em></span> <span class='ocrx_word' id='word_1_24' title='bbox 494 1003 523 1066; x_wconf 73' lang='lat' dir='ltr'><strong>s&#39;</strong></span> <span class='ocrx_word' id='word_1_25' title='bbox 546 998 665 1068; x_wconf 74' lang='grc' dir='ltr'><strong>ἐλπίδα</strong></span> <span class='ocrx_word' id='word_1_26' title='bbox 682 997 737 1066; x_wconf 83' lang='grc' dir='ltr'><strong>καὶ</strong></span> <span class='ocrx_word' id='word_1_27' title='bbox 758 999 849 1085; x_wconf 78' lang='grc' dir='ltr'><em>παρὰ</em></span> <span class='ocrx_word' id='word_1_28' title='bbox 868 997 962 1066; x_wconf 80' lang='grc' dir='ltr'><em>δίκαν</em></span> 
     </span>
    </p>

    <p class='ocr_par' dir='ltr' id='par_1_6' title="bbox 382 1091 1063 1184">
     <span class='ocr_line' id='line_1_6' title="bbox 382 1091 1063 1184; baseline 0 -18"><span class='ocrx_word' id='word_1_29' title='bbox 382 1097 461 1181; x_wconf 80' lang='grc' dir='ltr'><strong>τούς</strong></span> <span class='ocrx_word' id='word_1_30' title='bbox 481 1099 542 1184; x_wconf 82' lang='grc' dir='ltr'><strong>μὲν</strong></span> <span class='ocrx_word' id='word_1_31' title='bbox 561 1091 621 1166; x_wconf 75' lang='grc' dir='ltr'><strong>ἄπ’</strong></span> <span class='ocrx_word' id='word_1_32' title='bbox 645 1093 746 1166; x_wconf 77' lang='grc' dir='ltr'><em>οἴκων</em></span> <span class='ocrx_word' id='word_1_33' title='bbox 766 1099 794 1166; x_wconf 86' lang='grc' dir='ltr'><strong>δ’</strong></span> <span class='ocrx_word' id='word_1_34' title='bbox 816 1092 1063 1178; x_wconf 75' lang='grc' dir='ltr'><em>ἀναπίπτοντος</em></span> 
     </span>
    </p>

    <p class='ocr_par' dir='ltr' id='par_1_7' title="bbox 178 1189 1401 1993">
     <span class='ocr_line' id='line_1_7' title="bbox 378 1189 1072 1288; baseline -0.004 -19"><span class='ocrx_word' id='word_1_35' title='bbox 378 1194 463 1288; x_wconf 79' lang='grc' dir='ltr'><strong>δτδρ</strong></span> <span class='ocrx_word' id='word_1_36' title='bbox 478 1203 577 1279; x_wconf 74' lang='grc' dir='ltr'><em>θεοῦ,</em></span> <span class='ocrx_word' id='word_1_37' title='bbox 599 1197 677 1280; x_wconf 80' lang='grc' dir='ltr'><strong>τούς</strong></span> <span class='ocrx_word' id='word_1_38' title='bbox 696 1199 725 1268; x_wconf 82' lang='grc' dir='ltr'><strong>δ’</strong></span> <span class='ocrx_word' id='word_1_39' title='bbox 748 1202 964 1283; x_wconf 73' lang='grc' dir='ltr'><strong>εὐτυχοῦντας</strong></span> <span class='ocrx_word' id='word_1_40' title='bbox 982 1189 1072 1286; x_wconf 68' lang='grc' dir='ltr'><strong>ἕνα·</strong></span> 
     </span>
     <span class='ocr_line' id='line_1_8' title="bbox 184 1299 1330 1389; baseline -0.009 -14"><span class='ocrx_word' id='word_1_41' title='bbox 184 1311 215 1376; x_wconf 93' lang='lat' dir='ltr'><strong>et</strong></span> <span class='ocrx_word' id='word_1_42' title='bbox 241 1304 380 1373; x_wconf 83' lang='lat' dir='ltr'><strong>uersibus</strong></span> <span class='ocrx_word' id='word_1_43' title='bbox 411 1304 485 1370; x_wconf 78' lang='lat' dir='ltr'><strong>sur.</strong></span> <span class='ocrx_word' id='word_1_44' title='bbox 512 1303 586 1388; x_wconf 86' lang='lat' dir='ltr'><strong>Hip.</strong></span> <span class='ocrx_word' id='word_1_45' title='bbox 611 1304 691 1370; x_wconf 87' lang='lat'>1102</span> <span class='ocrx_word' id='word_1_46' title='bbox 716 1322 763 1389; x_wconf 87' lang='lat' dir='ltr'><strong>sq.</strong></span> <span class='ocrx_word' id='word_1_47' title='bbox 791 1302 925 1370; x_wconf 92' lang='lat' dir='ltr'><strong>similem</strong></span> <span class='ocrx_word' id='word_1_48' title='bbox 956 1302 1104 1369; x_wconf 74' lang='lat' dir='ltr'><strong>introitus</strong></span> <span class='ocrx_word' id='word_1_49' title='bbox 1132 1299 1264 1366; x_wconf 81' lang='lat' dir='ltr'><strong>formem</strong></span> <span class='ocrx_word' id='word_1_50' title='bbox 1297 1299 1330 1366; x_wconf 91' lang='lat' dir='ltr'><strong>et</strong></span> 
     </span>
     <span class='ocr_line' id='line_1_9' title="bbox 182 1398 1328 1488; baseline -0.01 -11"><span class='ocrx_word' id='word_1_51' title='bbox 182 1408 315 1477; x_wconf 76' lang='lat' dir='ltr'><strong>Senecae</strong></span> <span class='ocrx_word' id='word_1_52' title='bbox 333 1407 542 1474; x_wconf 88' lang='lat' dir='ltr'><strong>imitationem</strong></span> <span class='ocrx_word' id='word_1_53' title='bbox 567 1406 600 1472; x_wconf 91' lang='lat' dir='ltr'><strong>in</strong></span> <span class='ocrx_word' id='word_1_54' title='bbox 621 1405 777 1472; x_wconf 85' lang='lat' dir='ltr'><strong>rationem</strong></span> <span class='ocrx_word' id='word_1_55' title='bbox 795 1423 909 1471; x_wconf 87' lang='lat' dir='ltr'><strong>reeens</strong></span> <span class='ocrx_word' id='word_1_56' title='bbox 927 1403 987 1488; x_wconf 89' lang='lat' dir='ltr'><strong>ipsi</strong></span> <span class='ocrx_word' id='word_1_57' title='bbox 1007 1403 1112 1470; x_wconf 88' lang='lat' dir='ltr'><strong>nostro</strong></span> <span class='ocrx_word' id='word_1_58' title='bbox 1124 1400 1228 1469; x_wconf 84' lang='lat' dir='ltr'><strong>Veleti</strong></span> <span class='ocrx_word' id='word_1_59' title='bbox 1249 1398 1328 1466; x_wconf 87' lang='lat' dir='ltr'><strong>loeo.</strong></span> 
     </span>
     <span class='ocr_line' id='line_1_10' title="bbox 182 1503 1329 1591; baseline -0.009 -15"><span class='ocrx_word' id='word_1_60' title='bbox 182 1510 293 1576; x_wconf 76' lang='lat' dir='ltr'><strong>Rmtat</strong></span> <span class='ocrx_word' id='word_1_61' title='bbox 314 1526 412 1574; x_wconf 90' lang='lat' dir='ltr'><strong>unum</strong></span> <span class='ocrx_word' id='word_1_62' title='bbox 429 1507 586 1574; x_wconf 79' lang='lat' dir='ltr'><strong>canticum</strong></span> <span class='ocrx_word' id='word_1_63' title='bbox 609 1507 679 1591; x_wconf 89' lang='lat' dir='ltr'><strong>post</strong></span> <span class='ocrx_word' id='word_1_64' title='bbox 701 1506 846 1574; x_wconf 81' lang='lat' dir='ltr'><strong>ursatium</strong></span> <span class='ocrx_word' id='word_1_65' title='bbox 869 1506 1019 1573; x_wconf 88' lang='lat' dir='ltr'><strong>insertum</strong></span> <span class='ocrx_word' id='word_1_66' title='bbox 1032 1503 1103 1572; x_wconf 83' lang='lat' dir='ltr'><strong>Seri.</strong></span> <span class='ocrx_word' id='word_1_67' title='bbox 1123 1521 1154 1569; x_wconf 86' lang='lat' dir='ltr'><strong>r.</strong></span> <span class='ocrx_word' id='word_1_68' title='bbox 1171 1503 1254 1568; x_wconf 87' lang='grc'><strong>1123</strong></span> <span class='ocrx_word' id='word_1_69' title='bbox 1267 1519 1329 1586; x_wconf 84' lang='lat' dir='ltr'><strong>sq.:</strong></span> 
     </span>
     <span class='ocr_line' id='line_1_11' title="bbox 178 1601 1328 1692; baseline -0.006 -17"><span class='ocrx_word' id='word_1_70' title='bbox 178 1604 294 1676; x_wconf 82' lang='lat' dir='ltr'><strong>‘minor</strong></span> <span class='ocrx_word' id='word_1_71' title='bbox 335 1608 367 1674; x_wconf 93' lang='lat' dir='ltr'><strong>ln</strong></span> <span class='ocrx_word' id='word_1_72' title='bbox 414 1608 518 1692; x_wconf 82' lang='lat' dir='ltr'><strong>persis</strong></span> <span class='ocrx_word' id='word_1_73' title='bbox 563 1607 702 1674; x_wconf 87' lang='lat' dir='ltr'><strong>Fortnne</strong></span> <span class='ocrx_word' id='word_1_74' title='bbox 749 1605 827 1674; x_wconf 86' lang='lat' dir='ltr'><strong>iurit</strong></span> <span class='ocrx_word' id='word_1_75' title='bbox 870 1607 1044 1690; x_wconf 72' lang='lat' dir='ltr'><strong>dariusque</strong></span> <span class='ocrx_word' id='word_1_76' title='bbox 1091 1604 1164 1671; x_wconf 87' lang='lat' dir='ltr'><strong>ierit</strong></span> <span class='ocrx_word' id='word_1_77' title='bbox 1209 1601 1328 1670; x_wconf 82' lang='lat' dir='ltr'><strong>leuiora</strong></span> 
     </span>
     <span class='ocr_line' id='line_1_12' title="bbox 182 1699 1328 1805; baseline -0.006 -28"><span class='ocrx_word' id='word_1_78' title='bbox 182 1699 279 1794; x_wconf 88' lang='lat' dir='ltr'><strong>deus&#39;;</strong></span> <span class='ocrx_word' id='word_1_79' title='bbox 309 1726 371 1805; x_wconf 72' lang='grc' dir='ltr'><strong>ουρ</strong></span> <span class='ocrx_word' id='word_1_80' title='bbox 400 1707 469 1774; x_wconf 86' lang='lat' dir='ltr'><strong>loeo</strong></span> <span class='ocrx_word' id='word_1_81' title='bbox 499 1707 662 1792; x_wconf 77' lang='lat' dir='ltr'><strong>Euripides</strong></span> <span class='ocrx_word' id='word_1_82' title='bbox 685 1727 713 1774; x_wconf 86' lang='lat' dir='ltr'><strong>r.</strong></span> <span class='ocrx_word' id='word_1_83' title='bbox 738 1709 819 1775; x_wconf 84' lang='lat'>1268</span> <span class='ocrx_word' id='word_1_84' title='bbox 847 1727 892 1793; x_wconf 88' lang='lat' dir='ltr'><strong>sq.</strong></span> <span class='ocrx_word' id='word_1_85' title='bbox 915 1708 1044 1774; x_wconf 87' lang='lat' dir='ltr'><strong>eborum</strong></span> <span class='ocrx_word' id='word_1_86' title='bbox 1069 1705 1194 1772; x_wconf 80' lang='lat' dir='ltr'><strong>Amoris</strong></span> <span class='ocrx_word' id='word_1_87' title='bbox 1219 1704 1328 1771; x_wconf 88' lang='lat' dir='ltr'><strong>laudes</strong></span> 
     </span>
     <span class='ocr_line' id='line_1_13' title="bbox 181 1803 1401 1893; baseline -0.007 -16"><span class='ocrx_word' id='word_1_88' title='bbox 181 1811 342 1878; x_wconf 88' lang='lat' dir='ltr'><strong>oenentem</strong></span> <span class='ocrx_word' id='word_1_89' title='bbox 364 1807 494 1889; x_wconf 76' lang='lat' dir='ltr'><strong>inducit,</strong></span> <span class='ocrx_word' id='word_1_90' title='bbox 514 1808 628 1893; x_wconf 88' lang='lat' dir='ltr'><strong>quibus</strong></span> <span class='ocrx_word' id='word_1_91' title='bbox 649 1807 798 1876; x_wconf 79' lang='lat' dir='ltr'><strong>Senecam</strong></span> <span class='ocrx_word' id='word_1_92' title='bbox 825 1808 887 1876; x_wconf 89' lang='lat' dir='ltr'><strong>alio</strong></span> <span class='ocrx_word' id='word_1_93' title='bbox 908 1809 977 1875; x_wconf 89' lang='lat' dir='ltr'><strong>loeo</strong></span> <span class='ocrx_word' id='word_1_94' title='bbox 998 1807 1129 1874; x_wconf 80' lang='lat' dir='ltr'><strong>ebusum</strong></span> <span class='ocrx_word' id='word_1_95' title='bbox 1150 1823 1215 1872; x_wconf 88' lang='lat' dir='ltr'><strong>esse</strong></span> <span class='ocrx_word' id='word_1_96' title='bbox 1234 1803 1327 1871; x_wconf 91' lang='lat' dir='ltr'><strong>modo</strong></span> <span class='ocrx_word' id='word_1_97' title='bbox 1397 1876 1401 1882; x_wconf 59' lang='grc'><strong>,</strong></span> 
     </span>
     <span class='ocr_line' id='line_1_14' title="bbox 180 1905 1326 1993; baseline -0.007 -16"><span class='ocrx_word' id='word_1_98' title='bbox 180 1909 327 1977; x_wconf 82' lang='lat' dir='ltr'><strong>uidimus.</strong></span> <span class='ocrx_word' id='word_1_99' title='bbox 370 1907 564 1976; x_wconf 83' lang='lat' dir='ltr'><strong>Sententiam</strong></span> <span class='ocrx_word' id='word_1_100' title='bbox 585 1911 702 1989; x_wconf 85' lang='lat' dir='ltr'><strong>autem,</strong></span> <span class='ocrx_word' id='word_1_101' title='bbox 734 1928 830 1993; x_wconf 85' lang='lat' dir='ltr'><strong>quem</strong></span> <span class='ocrx_word' id='word_1_102' title='bbox 862 1911 953 1993; x_wconf 87' lang='lat' dir='ltr'><strong>poet-a</strong></span> <span class='ocrx_word' id='word_1_103' title='bbox 986 1908 1145 1975; x_wconf 89' lang='lat' dir='ltr'><strong>Romanus</strong></span> <span class='ocrx_word' id='word_1_104' title='bbox 1176 1905 1326 1985; x_wconf 80' lang='lat' dir='ltr'><strong>illustret,</strong></span> 
     </span>
    </p>
   </div>
   <div class='ocr_carea' id='block_1_3' title="bbox 181 2005 1459 2094">
    <p class='ocr_par' dir='ltr' id='par_1_8' title="bbox 181 2005 1459 2094">
     <span class='ocr_line' id='line_1_15' title="bbox 181 2005 1459 2094; baseline -0.006 -19"><span class='ocrx_word' id='word_1_105' title='bbox 181 2007 318 2076; x_wconf 84' lang='lat' dir='ltr'><strong>(iraeoae</strong></span> <span class='ocrx_word' id='word_1_106' title='bbox 332 2008 512 2094; x_wconf 76' lang='lat' dir='ltr'><strong>tragoediae</strong></span> <span class='ocrx_word' id='word_1_107' title='bbox 533 2008 661 2076; x_wconf 88' lang='lat' dir='ltr'><strong>minimo</strong></span> <span class='ocrx_word' id='word_1_108' title='bbox 682 2008 824 2094; x_wconf 81' lang='lat' dir='ltr'><strong>ignotam</strong></span> <span class='ocrx_word' id='word_1_109' title='bbox 841 2008 935 2075; x_wconf 87' lang='lat' dir='ltr'><strong>inisse</strong></span> <span class='ocrx_word' id='word_1_110' title='bbox 956 2006 1141 2076; x_wconf 80' lang='lat' dir='ltr'><strong>documento</strong></span> <span class='ocrx_word' id='word_1_111' title='bbox 1164 2005 1325 2072; x_wconf 82' lang='lat' dir='ltr'><strong>suntldur.</strong></span> <span class='ocrx_word' id='word_1_112' title='bbox 1458 2015 1459 2024; x_wconf 55' lang='lat'>¹</span> 
     </span>
    </p>
   </div>
   <div class='ocr_carea' id='block_1_4' title="bbox 179 2105 1409 2599">
    <p class='ocr_par' dir='ltr' id='par_1_9' title="bbox 179 2105 1409 2599">
     <span class='ocr_line' id='line_1_16' title="bbox 181 2105 1403 2202; baseline -0.006 -26"><span class='ocrx_word' id='word_1_113' title='bbox 181 2109 240 2192; x_wconf 78' lang='lat' dir='ltr'><strong>lug.</strong></span> <span class='ocrx_word' id='word_1_114' title='bbox 261 2109 322 2176; x_wconf 92' lang='lat' dir='ltr'><strong>ino.</strong></span> <span class='ocrx_word' id='word_1_115' title='bbox 351 2108 433 2202; x_wconf 81' lang='grc'><strong>1027</strong></span> <span class='ocrx_word' id='word_1_116' title='bbox 456 2111 488 2176; x_wconf 82' lang='grc' dir='ltr'><strong>ο1</strong></span> <span class='ocrx_word' id='word_1_117' title='bbox 510 2109 570 2194; x_wconf 79' lang='lat' dir='ltr'><strong>irg.</strong></span> <span class='ocrx_word' id='word_1_118' title='bbox 603 2107 707 2194; x_wconf 90' lang='lat' dir='ltr'><strong>adesp.</strong></span> <span class='ocrx_word' id='word_1_119' title='bbox 728 2110 801 2189; x_wconf 80' lang='lat'>462,</span> <span class='ocrx_word' id='word_1_120' title='bbox 829 2108 911 2194; x_wconf 84' lang='lat' dir='ltr'><strong>quod</strong></span> <span class='ocrx_word' id='word_1_121' title='bbox 940 2107 1033 2194; x_wconf 90' lang='lat' dir='ltr'><strong>plene</strong></span> <span class='ocrx_word' id='word_1_122' title='bbox 1062 2107 1095 2174; x_wconf 89' lang='lat' dir='ltr'><strong>in</strong></span> <span class='ocrx_word' id='word_1_123' title='bbox 1123 2105 1231 2173; x_wconf 90' lang='lat' dir='ltr'><strong>eedem</strong></span> <span class='ocrx_word' id='word_1_124' title='bbox 1255 2123 1326 2171; x_wconf 89' lang='lat' dir='ltr'><strong>sen·</strong></span> <span class='ocrx_word' id='word_1_125' title='bbox 1399 2139 1403 2145; x_wconf 95' lang='lat'><em>-</em></span> 
     </span>
     <span class='ocr_line' id='line_1_17' title="bbox 179 2205 1409 2293; baseline -0.006 -17"><span class='ocrx_word' id='word_1_126' title='bbox 179 2208 279 2277; x_wconf 87' lang='lat' dir='ltr'><strong>tentia</strong></span> <span class='ocrx_word' id='word_1_127' title='bbox 307 2208 429 2293; x_wconf 90' lang='lat' dir='ltr'><strong>oopiose</strong></span> <span class='ocrx_word' id='word_1_128' title='bbox 451 2207 617 2276; x_wconf 86' lang='lat' dir='ltr'><strong>traetende</strong></span> <span class='ocrx_word' id='word_1_129' title='bbox 637 2210 788 2276; x_wconf 78' lang='lat' dir='ltr'><strong>seretur.</strong></span> <span class='ocrx_word' id='word_1_130' title='bbox 842 2209 946 2277; x_wconf 89' lang='lat' dir='ltr'><strong>Simul</strong></span> <span class='ocrx_word' id='word_1_131' title='bbox 967 2208 1061 2276; x_wconf 86' lang='lat' dir='ltr'><strong>selim</strong></span> <span class='ocrx_word' id='word_1_132' title='bbox 1089 2207 1121 2273; x_wconf 95' lang='lat' dir='ltr'><strong>in</strong></span> <span class='ocrx_word' id='word_1_133' title='bbox 1143 2205 1325 2273; x_wconf 90' lang='lat' dir='ltr'><strong>memoriam</strong></span> <span class='ocrx_word' id='word_1_134' title='bbox 1403 2228 1409 2238; x_wconf 93' lang='lat'><strong>·</strong></span> 
     </span>
     <span class='ocr_line' id='line_1_18' title="bbox 181 2305 1326 2397; baseline -0.005 -19"><span class='ocrx_word' id='word_1_135' title='bbox 181 2327 304 2378; x_wconf 87' lang='lat' dir='ltr'><strong>seuoees</strong></span> <span class='ocrx_word' id='word_1_136' title='bbox 337 2327 387 2376; x_wconf 92' lang='lat' dir='ltr'><strong>me</strong></span> <span class='ocrx_word' id='word_1_137' title='bbox 414 2311 507 2378; x_wconf 64' lang='lat' dir='ltr'><strong>anua</strong></span> <span class='ocrx_word' id='word_1_138' title='bbox 539 2309 614 2376; x_wconf 84' lang='lat' dir='ltr'><strong>inuio</strong></span> <span class='ocrx_word' id='word_1_139' title='bbox 644 2309 704 2395; x_wconf 89' lang='lat' dir='ltr'><strong>ipsi</strong></span> <span class='ocrx_word' id='word_1_140' title='bbox 736 2310 847 2395; x_wconf 91' lang='lat' dir='ltr'><strong>prioris</strong></span> <span class='ocrx_word' id='word_1_141' title='bbox 868 2309 1033 2397; x_wconf 73' lang='lat' dir='ltr'><strong>Hippolyti</strong></span> <span class='ocrx_word' id='word_1_142' title='bbox 1058 2308 1126 2377; x_wconf 90' lang='lat' dir='ltr'><strong>looo</strong></span> <span class='ocrx_word' id='word_1_143' title='bbox 1153 2305 1326 2376; x_wconf 87' lang='lat' dir='ltr'><strong>Phaedram</strong></span> 
     </span>
     <span class='ocr_line' id='line_1_19' title="bbox 180 2407 1327 2496; baseline -0.002 -20"><span class='ocrx_word' id='word_1_144' title='bbox 180 2410 246 2478; x_wconf 89' lang='lat' dir='ltr'><strong>neoi</strong></span> <span class='ocrx_word' id='word_1_145' title='bbox 263 2409 460 2478; x_wconf 82' lang='lat' dir='ltr'><strong>uoluunteriee</strong></span> <span class='ocrx_word' id='word_1_146' title='bbox 481 2410 673 2496; x_wconf 78' lang='lat' dir='ltr'><strong>prestantem</strong></span> <span class='ocrx_word' id='word_1_147' title='bbox 688 2414 720 2478; x_wconf 94' lang='lat' dir='ltr'><strong>et</strong></span> <span class='ocrx_word' id='word_1_148' title='bbox 738 2412 884 2480; x_wconf 91' lang='lat' dir='ltr'><strong>nuntium</strong></span> <span class='ocrx_word' id='word_1_149' title='bbox 899 2411 1016 2478; x_wconf 90' lang='lat' dir='ltr'><strong>deeius</strong></span> <span class='ocrx_word' id='word_1_150' title='bbox 1031 2411 1130 2478; x_wconf 91' lang='lat' dir='ltr'><strong>morte</strong></span> <span class='ocrx_word' id='word_1_151' title='bbox 1145 2407 1327 2476; x_wconf 81' lang='lat' dir='ltr'><strong>sindioasso.</strong></span> 
     </span>
     <span class='ocr_line' id='line_1_20' title="bbox 181 2507 1327 2599; baseline -0.003 -22"><span class='ocrx_word' id='word_1_152' title='bbox 181 2510 263 2594; x_wconf 84' lang='lat' dir='ltr'><strong>Quid</strong></span> <span class='ocrx_word' id='word_1_153' title='bbox 278 2510 402 2597; x_wconf 79' lang='lat' dir='ltr'><strong>igitur?</strong></span> <span class='ocrx_word' id='word_1_154' title='bbox 444 2511 619 2580; x_wconf 88' lang='lat' dir='ltr'><strong>Phaedram</strong></span> <span class='ocrx_word' id='word_1_155' title='bbox 643 2513 784 2599; x_wconf 81' lang='lat' dir='ltr'><strong>reginam</strong></span> <span class='ocrx_word' id='word_1_156' title='bbox 806 2511 989 2580; x_wconf 86' lang='lat' dir='ltr'><strong>diuitiarum</strong></span> <span class='ocrx_word' id='word_1_157' title='bbox 1004 2509 1204 2579; x_wconf 91' lang='lat' dir='ltr'><strong>oontubernio</strong></span> <span class='ocrx_word' id='word_1_158' title='bbox 1219 2507 1327 2593; x_wconf 85' lang='lat' dir='ltr'><strong>volup-</strong></span> 
     </span>
    </p>
   </div>
   <div class='ocr_carea' id='block_1_5' title="bbox 179 2608 1441 2698">
    <p class='ocr_par' dir='ltr' id='par_1_10' title="bbox 179 2608 1441 2698">
     <span class='ocr_line' id='line_1_21' title="bbox 179 2608 1441 2698; baseline -0.006 -18"><span class='ocrx_word' id='word_1_159' title='bbox 179 2613 261 2680; x_wconf 87' lang='lat' dir='ltr'><strong>tates</strong></span> <span class='ocrx_word' id='word_1_160' title='bbox 287 2612 441 2680; x_wconf 77' lang='lat' dir='ltr'><strong>excitante</strong></span> <span class='ocrx_word' id='word_1_161' title='bbox 468 2617 667 2698; x_wconf 86' lang='lat' dir='ltr'><strong>eorruptem⁸</strong></span> <span class='ocrx_word' id='word_1_162' title='bbox 687 2647 728 2663; x_wconf 89' lang='lat'>-</span> <span class='ocrx_word' id='word_1_163' title='bbox 748 2613 844 2681; x_wconf 91' lang='lat' dir='ltr'><strong>talem</strong></span> <span class='ocrx_word' id='word_1_164' title='bbox 868 2613 1043 2680; x_wconf 85' lang='lat' dir='ltr'><strong>Phaedram</strong></span> <span class='ocrx_word' id='word_1_165' title='bbox 1064 2612 1196 2680; x_wconf 91' lang='lat' dir='ltr'><strong>mortem</strong></span> <span class='ocrx_word' id='word_1_166' title='bbox 1217 2608 1327 2676; x_wconf 88' lang='lat' dir='ltr'><strong>solun·</strong></span> <span class='ocrx_word' id='word_1_167' title='bbox 1437 2625 1441 2632; x_wconf 76' lang='grc'><strong><em>’</em></strong></span> 
     </span>
    </p>
   </div>
   <div class='ocr_carea' id='block_1_6' title="bbox 178 2709 1327 3513">
    <p class='ocr_par' dir='ltr' id='par_1_11' title="bbox 178 2709 1327 3104">
     <span class='ocr_line' id='line_1_22' title="bbox 178 2709 1327 2799; baseline -0.003 -20"><span class='ocrx_word' id='word_1_168' title='bbox 178 2713 293 2780; x_wconf 88' lang='lat' dir='ltr'><strong>teriam</strong></span> <span class='ocrx_word' id='word_1_169' title='bbox 308 2713 501 2781; x_wconf 83' lang='lat' dir='ltr'><strong>subiturem⁴</strong></span> <span class='ocrx_word' id='word_1_170' title='bbox 525 2734 625 2782; x_wconf 92' lang='lat' dir='ltr'><strong>nonne</strong></span> <span class='ocrx_word' id='word_1_171' title='bbox 641 2717 753 2783; x_wconf 89' lang='lat' dir='ltr'><strong>oborus</strong></span> <span class='ocrx_word' id='word_1_172' title='bbox 774 2715 935 2799; x_wconf 81' lang='lat' dir='ltr'><strong>aptissime</strong></span> <span class='ocrx_word' id='word_1_173' title='bbox 954 2712 1267 2799; x_wconf 90' lang='lat' dir='ltr'><strong>oontempletionibus</strong></span> <span class='ocrx_word' id='word_1_174' title='bbox 1288 2709 1327 2776; x_wconf 91' lang='lat' dir='ltr'><strong>de</strong></span> 
     </span>
     <span class='ocr_line' id='line_1_23' title="bbox 179 2811 1327 2902; baseline -0.004 -22"><span class='ocrx_word' id='word_1_175' title='bbox 179 2813 315 2890; x_wconf 68' lang='lat' dir='ltr'><strong>seduna,</strong></span> <span class='ocrx_word' id='word_1_176' title='bbox 339 2832 418 2898; x_wconf 89' lang='lat' dir='ltr'><strong>quae</strong></span> <span class='ocrx_word' id='word_1_177' title='bbox 438 2815 540 2882; x_wconf 90' lang='lat' dir='ltr'><strong>minor</strong></span> <span class='ocrx_word' id='word_1_178' title='bbox 560 2814 593 2881; x_wconf 94' lang='lat' dir='ltr'><strong>in</strong></span> <span class='ocrx_word' id='word_1_179' title='bbox 615 2815 720 2900; x_wconf 84' lang='lat' dir='ltr'><strong>persis</strong></span> <span class='ocrx_word' id='word_1_180' title='bbox 742 2815 838 2897; x_wconf 78' lang='lat' dir='ltr'><strong>iuret,</strong></span> <span class='ocrx_word' id='word_1_181' title='bbox 870 2813 1130 2902; x_wconf 79' lang='lat' dir='ltr'><strong>prosequeretur?</strong></span> <span class='ocrx_word' id='word_1_182' title='bbox 1172 2811 1327 2896; x_wconf 80' lang='lat' dir='ltr'><strong>Computa</strong></span> 
     </span>
     <span class='ocr_line' id='line_1_24' title="bbox 179 2909 1326 3000; baseline -0.003 -19"><span class='ocrx_word' id='word_1_183' title='bbox 179 2912 281 2994; x_wconf 82' lang='lat' dir='ltr'><strong>modo,</strong></span> <span class='ocrx_word' id='word_1_184' title='bbox 302 2933 363 2998; x_wconf 88' lang='lat' dir='ltr'><strong>que</strong></span> <span class='ocrx_word' id='word_1_185' title='bbox 386 2915 507 2982; x_wconf 88' lang='lat' dir='ltr'><strong>ratione</strong></span> <span class='ocrx_word' id='word_1_186' title='bbox 519 2915 636 2984; x_wconf 88' lang='lat' dir='ltr'><strong>Seneoe</strong></span> <span class='ocrx_word' id='word_1_187' title='bbox 647 2915 802 2985; x_wconf 81' lang='lat' dir='ltr'><strong>Greeoum</strong></span> <span class='ocrx_word' id='word_1_188' title='bbox 817 2917 972 3000; x_wconf 88' lang='lat' dir='ltr'><strong>exemplar</strong></span> <span class='ocrx_word' id='word_1_189' title='bbox 985 2917 1109 2984; x_wconf 88' lang='lat' dir='ltr'><strong>seoutus</strong></span> <span class='ocrx_word' id='word_1_190' title='bbox 1123 2912 1277 2996; x_wconf 79' lang='lat' dir='ltr'><strong>(otbeol.</strong></span> <span class='ocrx_word' id='word_1_191' title='bbox 1288 2909 1326 2991; x_wconf 88' lang='lat' dir='ltr'><strong>l)</strong></span> 
     </span>
     <span class='ocr_line' id='line_1_25' title="bbox 179 3015 1326 3104; baseline 0.002 -22"><span class='ocrx_word' id='word_1_192' title='bbox 179 3015 331 3082; x_wconf 90' lang='lat' dir='ltr'><strong>nntrioem</strong></span> <span class='ocrx_word' id='word_1_193' title='bbox 353 3016 498 3084; x_wconf 76' lang='lat' dir='ltr'><strong>alumnae</strong></span> <span class='ocrx_word' id='word_1_194' title='bbox 517 3017 679 3085; x_wconf 89' lang='lat' dir='ltr'><strong>libidinem</strong></span> <span class='ocrx_word' id='word_1_195' title='bbox 711 3018 923 3104; x_wconf 81' lang='lat' dir='ltr'><strong>exagitantem</strong></span> <span class='ocrx_word' id='word_1_196' title='bbox 954 3019 1107 3103; x_wconf 91' lang='lat' dir='ltr'><strong>proponet</strong></span> <span class='ocrx_word' id='word_1_197' title='bbox 1129 3036 1158 3085; x_wconf 86' lang='lat' dir='ltr'><strong>s.</strong></span> <span class='ocrx_word' id='word_1_198' title='bbox 1181 3019 1244 3085; x_wconf 80' lang='lat'><strong>204</strong></span> <span class='ocrx_word' id='word_1_199' title='bbox 1262 3034 1326 3102; x_wconf 77' lang='lat' dir='ltr'><strong>sep:</strong></span> 
     </span>
    </p>

    <p class='ocr_par' dir='ltr' id='par_1_12' title="bbox 327 3117 1012 3203">
     <span class='ocr_line' id='line_1_26' title="bbox 327 3117 1012 3203; baseline 0.004 -20"><span class='ocrx_word' id='word_1_200' title='bbox 327 3117 468 3203; x_wconf 86' lang='lat' dir='ltr'><strong>quisquis</strong></span> <span class='ocrx_word' id='word_1_201' title='bbox 489 3119 631 3186; x_wconf 89' lang='lat' dir='ltr'><strong>seeundis</strong></span> <span class='ocrx_word' id='word_1_202' title='bbox 651 3120 742 3187; x_wconf 90' lang='lat' dir='ltr'><strong>rebus</strong></span> <span class='ocrx_word' id='word_1_203' title='bbox 764 3120 900 3187; x_wconf 87' lang='lat' dir='ltr'><strong>exsultet</strong></span> <span class='ocrx_word' id='word_1_204' title='bbox 920 3119 1012 3186; x_wconf 91' lang='lat' dir='ltr'><strong>nimis</strong></span> 
     </span>
    </p>

    <p class='ocr_par' dir='ltr' id='par_1_13' title="bbox 325 3220 1003 3309">
     <span class='ocr_line' id='line_1_27' title="bbox 325 3220 1003 3309; baseline 0.006 -23"><span class='ocrx_word' id='word_1_205' title='bbox 325 3220 457 3307; x_wconf 87' lang='lat' dir='ltr'><strong>fluitque</strong></span> <span class='ocrx_word' id='word_1_206' title='bbox 478 3221 562 3302; x_wconf 82' lang='lat' dir='ltr'><strong>lusu,</strong></span> <span class='ocrx_word' id='word_1_207' title='bbox 584 3242 704 3309; x_wconf 88' lang='lat' dir='ltr'><strong>semper</strong></span> <span class='ocrx_word' id='word_1_208' title='bbox 724 3223 853 3292; x_wconf 87' lang='lat' dir='ltr'><strong>insolita</strong></span> <span class='ocrx_word' id='word_1_209' title='bbox 873 3223 1003 3308; x_wconf 87' lang='lat' dir='ltr'><strong>appetit.</strong></span> 
     </span>
    </p>

    <p class='ocr_par' dir='ltr' id='par_1_14' title="bbox 327 3324 1047 3410">
     <span class='ocr_line' id='line_1_28' title="bbox 327 3324 1047 3410; baseline 0.001 -21"><span class='ocrx_word' id='word_1_210' title='bbox 327 3324 416 3389; x_wconf 75' lang='lat' dir='ltr'><strong>&#39;duno</strong></span> <span class='ocrx_word' id='word_1_211' title='bbox 436 3324 492 3390; x_wconf 92' lang='lat' dir='ltr'><strong>ille</strong></span> <span class='ocrx_word' id='word_1_212' title='bbox 514 3343 647 3410; x_wconf 83' lang='lat' dir='ltr'><strong>magnae</strong></span> <span class='ocrx_word' id='word_1_213' title='bbox 667 3324 738 3393; x_wconf 86' lang='lat' dir='ltr'><strong>dira</strong></span> <span class='ocrx_word' id='word_1_214' title='bbox 760 3324 905 3392; x_wconf 79' lang='lat' dir='ltr'><strong>fortuma</strong></span> <span class='ocrx_word' id='word_1_215' title='bbox 928 3342 1047 3399; x_wconf 72' lang='lat' dir='ltr'><strong>oomoe,</strong></span> 
     </span>
    </p>

    <p class='ocr_par' dir='ltr' id='par_1_15' title="bbox 326 3425 673 3513">
     <span class='ocr_line' id='line_1_29' title="bbox 326 3425 673 3513; baseline 0.006 -21"><span class='ocrx_word' id='word_1_216' title='bbox 326 3425 411 3492; x_wconf 88' lang='lat' dir='ltr'><strong>subit</strong></span> <span class='ocrx_word' id='word_1_217' title='bbox 428 3425 526 3493; x_wconf 87' lang='lat' dir='ltr'><strong>libido</strong></span> <span class='ocrx_word' id='word_1_218' title='bbox 548 3445 574 3494; x_wconf 90' lang='lat' dir='ltr'><strong>e.</strong></span> <span class='ocrx_word' id='word_1_219' title='bbox 596 3446 626 3513; x_wconf 83' lang='lat' dir='ltr'><strong>q.</strong></span> <span class='ocrx_word' id='word_1_220' title='bbox 648 3446 673 3494; x_wconf 91' lang='lat' dir='ltr'><strong>s.</strong></span> 
     </span>
    </p>
   </div>
   <div class='ocr_carea' id='block_1_7' title="bbox 278 3566 1461 3642">
    <p class='ocr_par' dir='ltr' id='par_1_16' title="bbox 278 3566 1461 3642">
     <span class='ocr_line' id='line_1_30' title="bbox 278 3566 1461 3642; baseline 0.002 -20"><span class='ocrx_word' id='word_1_221' title='bbox 278 3567 288 3600; x_wconf 87' lang='lat'><strong>¹</strong></span> <span class='ocrx_word' id='word_1_222' title='bbox 307 3566 349 3623; x_wconf 83' lang='lat' dir='ltr'><strong>Ci.</strong></span> <span class='ocrx_word' id='word_1_223' title='bbox 368 3566 434 3624; x_wconf 86' lang='lat' dir='ltr'><strong>Hes.</strong></span> <span class='ocrx_word' id='word_1_224' title='bbox 454 3569 506 3624; x_wconf 83' lang='grc'><strong>188</strong></span> <span class='ocrx_word' id='word_1_225' title='bbox 523 3585 564 3639; x_wconf 90' lang='lat' dir='ltr'><strong>sq.</strong></span> <span class='ocrx_word' id='word_1_226' title='bbox 582 3568 637 3642; x_wconf 72' lang='lat' dir='ltr'><strong>erg.</strong></span> <span class='ocrx_word' id='word_1_227' title='bbox 658 3571 719 3640; x_wconf 80' lang='lat'><strong>288,</strong></span> <span class='ocrx_word' id='word_1_228' title='bbox 737 3572 800 3628; x_wconf 76' lang='grc'><strong>888.</strong></span> <span class='ocrx_word' id='word_1_229' title='bbox 822 3570 877 3628; x_wconf 83' lang='grc' dir='ltr'><strong>Ηίο</strong></span> <span class='ocrx_word' id='word_1_230' title='bbox 889 3587 999 3641; x_wconf 84' lang='lat' dir='ltr'><strong>quoqne</strong></span> <span class='ocrx_word' id='word_1_231' title='bbox 1010 3569 1164 3626; x_wconf 81' lang='lat' dir='ltr'><strong>Menander</strong></span> <span class='ocrx_word' id='word_1_232' title='bbox 1175 3567 1324 3640; x_wconf 77' lang='lat' dir='ltr'><strong>Euripidis</strong></span> <span class='ocrx_word' id='word_1_233' title='bbox 1460 3613 1461 3618; x_wconf 30' lang='lat'>1</span> 
     </span>
    </p>
   </div>
   <div class='ocr_carea' id='block_1_8' title="bbox 179 3654 1323 3730">
    <p class='ocr_par' dir='ltr' id='par_1_17' title="bbox 179 3633 1461 3730">
     <span class='ocr_line' id='line_1_31' title="bbox 179 3654 1323 3730; baseline 0.005 -20"><span class='ocrx_word' id='word_1_234' title='bbox 179 3655 379 3711; x_wconf 81' lang='lat' dir='ltr'><strong>aemulatorem</strong></span> <span class='ocrx_word' id='word_1_235' title='bbox 400 3673 428 3712; x_wconf 88' lang='lat' dir='ltr'><strong>se</strong></span> <span class='ocrx_word' id='word_1_236' title='bbox 446 3656 620 3726; x_wconf 86' lang='lat' dir='ltr'><strong>praestitisse</strong></span> <span class='ocrx_word' id='word_1_237' title='bbox 637 3656 764 3730; x_wconf 69' lang='lat' dir='ltr'><strong>videturr</strong></span> <span class='ocrx_word' id='word_1_238' title='bbox 782 3656 818 3716; x_wconf 82' lang='lat' dir='ltr'><strong>ol.</strong></span> <span class='ocrx_word' id='word_1_239' title='bbox 836 3656 891 3730; x_wconf 71' lang='lat' dir='ltr'><strong>ing.</strong></span> <span class='ocrx_word' id='word_1_240' title='bbox 908 3659 970 3713; x_wconf 80' lang='grc'><strong>881.</strong></span> <span class='ocrx_word' id='word_1_241' title='bbox 993 3657 1031 3714; x_wconf 84' lang='grc' dir='ltr'><strong>Μ.</strong></span> <span class='ocrx_word' id='word_1_242' title='bbox 1051 3655 1099 3726; x_wconf 83' lang='lat' dir='ltr'><strong>IV,</strong></span> <span class='ocrx_word' id='word_1_243' title='bbox 1116 3657 1178 3712; x_wconf 77' lang='lat'><strong>252.</strong></span> <span class='ocrx_word' id='word_1_244' title='bbox 1196 3654 1252 3729; x_wconf 78' lang='lat' dir='ltr'><strong>ing.</strong></span> <span class='ocrx_word' id='word_1_245' title='bbox 1271 3657 1323 3710; x_wconf 89' lang='grc'><strong>771</strong></span> 
     </span>
    </p>
   </div>
   <div class='ocr_carea' id='block_1_9' title="bbox 177 3741 1323 3903">
    <p class='ocr_par' dir='ltr' id='par_1_18' title="bbox 177 3741 1323 3903">
     <span class='ocr_line' id='line_1_32' title="bbox 177 3741 568 3810; baseline 0.008 -14"><span class='ocrx_word' id='word_1_246' title='bbox 177 3743 275 3796; x_wconf 77' lang='grc'><strong>-774,</strong></span> <span class='ocrx_word' id='word_1_247' title='bbox 303 3741 343 3798; x_wconf 85' lang='grc' dir='ltr'><strong>Μ.</strong></span> <span class='ocrx_word' id='word_1_248' title='bbox 360 3741 405 3810; x_wconf 73' lang='lat' dir='ltr'><strong>lt,</strong></span> <span class='ocrx_word' id='word_1_249' title='bbox 424 3745 486 3800; x_wconf 77' lang='lat'><strong>288.</strong></span> <span class='ocrx_word' id='word_1_250' title='bbox 507 3745 568 3799; x_wconf 72' lang='lat'><strong>289.</strong></span> 
     </span>
     <span class='ocr_line' id='line_1_33' title="bbox 276 3828 1323 3903; baseline 0.004 -20"><span class='ocrx_word' id='word_1_251' title='bbox 276 3828 374 3885; x_wconf 72' lang='grc' dir='ltr'><strong>’Μ</strong></span> <span class='ocrx_word' id='word_1_252' title='bbox 397 3850 436 3892; x_wconf 74' lang='grc' dir='ltr'><strong>τις</strong></span> <span class='ocrx_word' id='word_1_253' title='bbox 460 3849 515 3888; x_wconf 91' lang='lat' dir='ltr'><strong>om.</strong></span> <span class='ocrx_word' id='word_1_254' title='bbox 542 3831 619 3901; x_wconf 88' lang='lat' dir='ltr'><strong>libri,</strong></span> <span class='ocrx_word' id='word_1_255' title='bbox 648 3850 675 3887; x_wconf 84' lang='lat' dir='ltr'><strong>v.</strong></span> <span class='ocrx_word' id='word_1_256' title='bbox 695 3835 711 3888; x_wconf 82' lang='grc'><strong>8</strong></span> <span class='ocrx_word' id='word_1_257' title='bbox 730 3837 814 3903; x_wconf 74' lang='grc' dir='ltr'><em>κρίνοι</em></span> <span class='ocrx_word' id='word_1_258' title='bbox 835 3832 934 3890; x_wconf 79' lang='lat' dir='ltr'><strong>Nausia</strong></span> <span class='ocrx_word' id='word_1_259' title='bbox 957 3833 1136 3890; x_wconf 86' lang='lat' dir='ltr'><strong>soribendnm</strong></span> <span class='ocrx_word' id='word_1_260' title='bbox 1156 3831 1323 3903; x_wconf 85' lang='lat' dir='ltr'><strong>suspieatur,</strong></span> 
     </span>
    </p>
   </div>
   <div class='ocr_carea' id='block_1_10' title="bbox 174 3911 1325 4061">
    <p class='ocr_par' dir='ltr' id='par_1_19' title="bbox 174 3911 1325 4061">
     <span class='ocr_line' id='line_1_34' title="bbox 174 3911 1325 3994; baseline 0 -22"><span class='ocrx_word' id='word_1_261' title='bbox 174 3933 201 3973; x_wconf 81' lang='lat' dir='ltr'><strong>v.</strong></span> <span class='ocrx_word' id='word_1_262' title='bbox 226 3917 243 3970; x_wconf 81' lang='lat' dir='ltr'><strong>b</strong></span> <span class='ocrx_word' id='word_1_263' title='bbox 268 3933 310 3987; x_wconf 85' lang='lat' dir='ltr'><strong>sq.</strong></span> <span class='ocrx_word' id='word_1_264' title='bbox 332 3913 393 3978; x_wconf 76' lang='grc' dir='ltr'><em>τοὺς</em></span> <span class='ocrx_word' id='word_1_265' title='bbox 421 3917 478 3991; x_wconf 71' lang='grc' dir='ltr'><strong>μὲν</strong></span> <span class='ocrx_word' id='word_1_266' title='bbox 499 3915 549 3975; x_wconf 70' lang='grc' dir='ltr'><strong>ἀπ’</strong></span> <span class='ocrx_word' id='word_1_267' title='bbox 573 3925 657 3976; x_wconf 69' lang='grc' dir='ltr'><em>οἰναν</em></span> <span class='ocrx_word' id='word_1_268' title='bbox 683 3925 904 3984; x_wconf 75' lang='grc' dir='ltr'><strong>καταπίπτοντας</strong></span> <span class='ocrx_word' id='word_1_269' title='bbox 929 3921 986 3994; x_wconf 84' lang='lat' dir='ltr'><strong>(vel</strong></span> <span class='ocrx_word' id='word_1_270' title='bbox 1012 3916 1232 3990; x_wconf 70' lang='grc' dir='ltr'><em>ἀποπίπτοντας)</em></span> <span class='ocrx_word' id='word_1_271' title='bbox 1259 3911 1325 3988; x_wconf 76' lang='grc' dir='ltr'><strong>ἄτερ</strong></span> 
     </span>
     <span class='ocr_line' id='line_1_35' title="bbox 176 4004 513 4061; baseline 0.015 -5"><span class='ocrx_word' id='word_1_272' title='bbox 176 4004 244 4058; x_wconf 71' lang='grc' dir='ltr'><strong>θεοῦ</strong></span> <span class='ocrx_word' id='word_1_273' title='bbox 262 4005 382 4061; x_wconf 86' lang='lat' dir='ltr'><strong>oonieeit</strong></span> <span class='ocrx_word' id='word_1_274' title='bbox 399 4005 513 4061; x_wconf 85' lang='lat' dir='ltr'><strong>Gesner.</strong></span> 
     </span>
    </p>
   </div>
   <div class='ocr_carea' id='block_1_11' title="bbox 274 4088 1323 4170">
    <p class='ocr_par' dir='ltr' id='par_1_20' title="bbox 274 4088 1323 4170">
     <span class='ocr_line' id='line_1_36' title="bbox 274 4088 1323 4170; baseline 0.002 -23"><span class='ocrx_word' id='word_1_275' title='bbox 274 4092 286 4126; x_wconf 81' lang='lat'>⁸</span> <span class='ocrx_word' id='word_1_276' title='bbox 304 4091 346 4148; x_wconf 77' lang='lat' dir='ltr'><strong>Cf.</strong></span> <span class='ocrx_word' id='word_1_277' title='bbox 364 4090 419 4166; x_wconf 71' lang='lat' dir='ltr'><strong>irg.</strong></span> <span class='ocrx_word' id='word_1_278' title='bbox 437 4095 504 4149; x_wconf 75' lang='lat' dir='ltr'><strong>ttlr</strong></span> <span class='ocrx_word' id='word_1_279' title='bbox 525 4088 602 4164; x_wconf 74' lang='grc' dir='ltr'><em>ὕβρτν</em></span> <span class='ocrx_word' id='word_1_280' title='bbox 619 4111 647 4149; x_wconf 85' lang='grc' dir='ltr'><strong>τε</strong></span> <span class='ocrx_word' id='word_1_281' title='bbox 665 4097 746 4150; x_wconf 76' lang='lat' dir='ltr'><strong>sistes</strong></span> <span class='ocrx_word' id='word_1_282' title='bbox 765 4095 897 4163; x_wconf 58' lang='lat' dir='ltr'><strong>nlodrors</strong></span> <span class='ocrx_word' id='word_1_283' title='bbox 909 4091 941 4152; x_wconf 76' lang='grc' dir='ltr'><strong>οὗ</strong></span> <span class='ocrx_word' id='word_1_284' title='bbox 959 4093 1049 4170; x_wconf 79' lang='grc' dir='ltr'><strong>φαδῶ</strong></span> <span class='ocrx_word' id='word_1_285' title='bbox 1068 4099 1130 4166; x_wconf 70' lang='grc' dir='ltr'><strong>βίον</strong></span> <span class='ocrx_word' id='word_1_286' title='bbox 1147 4101 1176 4152; x_wconf 85' lang='lat' dir='ltr'><strong>et</strong></span> <span class='ocrx_word' id='word_1_287' title='bbox 1193 4093 1249 4168; x_wconf 72' lang='lat' dir='ltr'><strong>ing.</strong></span> <span class='ocrx_word' id='word_1_288' title='bbox 1259 4095 1323 4152; x_wconf 73' lang='grc'><strong>110.</strong></span> 
     </span>
    </p>
   </div>
   <div class='ocr_carea' id='block_1_12' title="bbox 175 4176 1461 4260">
    <p class='ocr_par' dir='ltr' id='par_1_21' title="bbox 175 4176 1461 4260">
     <span class='ocr_line' id='line_1_37' title="bbox 175 4176 1461 4260; baseline 0.006 -28"><span class='ocrx_word' id='word_1_289' title='bbox 175 4176 263 4234; x_wconf 85' lang='lat' dir='ltr'><strong>Simul</strong></span> <span class='ocrx_word' id='word_1_290' title='bbox 282 4177 401 4235; x_wconf 86' lang='lat' dir='ltr'><strong>Seneoae</strong></span> <span class='ocrx_word' id='word_1_291' title='bbox 419 4185 448 4236; x_wconf 89' lang='lat' dir='ltr'><strong>et</strong></span> <span class='ocrx_word' id='word_1_292' title='bbox 466 4179 560 4237; x_wconf 85' lang='lat' dir='ltr'><strong>Ovidii</strong></span> <span class='ocrx_word' id='word_1_293' title='bbox 589 4182 737 4239; x_wconf 88' lang='lat' dir='ltr'><strong>sententiis</strong></span> <span class='ocrx_word' id='word_1_294' title='bbox 755 4182 785 4238; x_wconf 89' lang='lat' dir='ltr'><strong>in</strong></span> <span class='ocrx_word' id='word_1_295' title='bbox 808 4201 921 4240; x_wconf 85' lang='lat' dir='ltr'><strong>sensum</strong></span> <span class='ocrx_word' id='word_1_296' title='bbox 945 4185 1062 4255; x_wconf 83' lang='lat' dir='ltr'><strong>voeatis,</strong></span> <span class='ocrx_word' id='word_1_297' title='bbox 1089 4183 1227 4255; x_wconf 85' lang='lat' dir='ltr'><strong>quomodo</strong></span> <span class='ocrx_word' id='word_1_298' title='bbox 1254 4182 1327 4239; x_wconf 79' lang='lat' dir='ltr'><strong>isaeo</strong></span> <span class='ocrx_word' id='word_1_299' title='bbox 1415 4197 1422 4206; x_wconf 86' lang='lat'><strong>·</strong></span> <span class='ocrx_word' id='word_1_300' title='bbox 1460 4251 1461 4260; x_wconf 9' lang='grc' dir='ltr'>χ</span> 
     </span>
    </p>
   </div>
   <div class='ocr_carea' id='block_1_13' title="bbox 172 4264 1328 4516">
    <p class='ocr_par' dir='ltr' id='par_1_22' title="bbox 172 4264 1328 4516">
     <span class='ocr_line' id='line_1_38' title="bbox 172 4264 1326 4345; baseline 0.007 -25"><span class='ocrx_word' id='word_1_301' title='bbox 172 4264 266 4321; x_wconf 89' lang='lat' dir='ltr'><strong>omnia</strong></span> <span class='ocrx_word' id='word_1_302' title='bbox 275 4273 374 4322; x_wconf 89' lang='lat' dir='ltr'><strong>mutuo</strong></span> <span class='ocrx_word' id='word_1_303' title='bbox 387 4284 416 4322; x_wconf 90' lang='lat' dir='ltr'><strong>se</strong></span> <span class='ocrx_word' id='word_1_304' title='bbox 429 4268 534 4323; x_wconf 86' lang='lat' dir='ltr'><strong>lumine</strong></span> <span class='ocrx_word' id='word_1_305' title='bbox 546 4267 695 4341; x_wconf 80' lang='lat' dir='ltr'><strong>insigniter</strong></span> <span class='ocrx_word' id='word_1_306' title='bbox 707 4270 858 4333; x_wconf 84' lang='lat' dir='ltr'><strong>illustrent.</strong></span> <span class='ocrx_word' id='word_1_307' title='bbox 872 4271 930 4328; x_wconf 88' lang='lat' dir='ltr'><strong>Leo</strong></span> <span class='ocrx_word' id='word_1_308' title='bbox 946 4272 1031 4345; x_wconf 77' lang='lat' dir='ltr'><strong>lup.</strong></span> <span class='ocrx_word' id='word_1_309' title='bbox 1047 4274 1095 4327; x_wconf 75' lang='grc'><strong>171</strong></span> <span class='ocrx_word' id='word_1_310' title='bbox 1107 4289 1148 4344; x_wconf 80' lang='lat' dir='ltr'><strong>sq.</strong></span> <span class='ocrx_word' id='word_1_311' title='bbox 1157 4271 1326 4328; x_wconf 81' lang='lat' dir='ltr'><strong>ennolearit.</strong></span> 
     </span>
     <span class='ocr_line' id='line_1_39' title="bbox 275 4353 1328 4433; baseline 0.006 -23"><span class='ocrx_word' id='word_1_312' title='bbox 275 4353 343 4411; x_wconf 74' lang='lat' dir='ltr'><strong>‘lis</strong></span> <span class='ocrx_word' id='word_1_313' title='bbox 369 4355 547 4426; x_wconf 86' lang='lat' dir='ltr'><strong>eomputatis.</strong></span> <span class='ocrx_word' id='word_1_314' title='bbox 579 4373 650 4428; x_wconf 83' lang='lat' dir='ltr'><strong>quaa</strong></span> <span class='ocrx_word' id='word_1_315' title='bbox 678 4362 763 4415; x_wconf 89' lang='lat' dir='ltr'><strong>antea</strong></span> <span class='ocrx_word' id='word_1_316' title='bbox 789 4357 942 4430; x_wconf 84' lang='lat' dir='ltr'><strong>disputavi,</strong></span> <span class='ocrx_word' id='word_1_317' title='bbox 972 4357 1095 4433; x_wconf 70' lang='lat' dir='ltr'><strong>longiori</strong></span> <span class='ocrx_word' id='word_1_318' title='bbox 1120 4359 1231 4416; x_wconf 89' lang='lat' dir='ltr'><strong>oantion</strong></span> <span class='ocrx_word' id='word_1_319' title='bbox 1257 4365 1328 4431; x_wconf 85' lang='lat' dir='ltr'><strong>post</strong></span> 
     </span>
     <span class='ocr_line' id='line_1_40' title="bbox 178 4440 804 4516; baseline 0.011 -19"><span class='ocrx_word' id='word_1_320' title='bbox 178 4440 321 4500; x_wconf 81' lang='lat' dir='ltr'><strong>Phaedrae</strong></span> <span class='ocrx_word' id='word_1_321' title='bbox 340 4451 462 4501; x_wconf 86' lang='lat' dir='ltr'><strong>mortem</strong></span> <span class='ocrx_word' id='word_1_322' title='bbox 479 4451 562 4516; x_wconf 87' lang='lat' dir='ltr'><strong>aptus</strong></span> <span class='ocrx_word' id='word_1_323' title='bbox 581 4445 658 4502; x_wconf 85' lang='lat' dir='ltr'><strong>loeus</strong></span> <span class='ocrx_word' id='word_1_324' title='bbox 675 4464 733 4503; x_wconf 87' lang='lat' dir='ltr'><strong>non</strong></span> <span class='ocrx_word' id='word_1_325' title='bbox 752 4452 804 4505; x_wconf 89' lang='lat' dir='ltr'><strong>est.</strong></span> 
     </span>
    </p>
   </div>
   <div class='ocr_carea' id='block_1_14' title="bbox 0 0 1496 4998">
    <p class='ocr_par' dir='ltr' id='par_1_23' title="bbox 0 0 1496 4998">
     <span class='ocr_line' id='line_1_41' title="bbox 0 0 1496 4998; baseline 0 0"><span class='ocrx_word' id='word_1_326' title='bbox 0 0 1496 4998; x_wconf 95' lang='lat' dir='ltr'><strong> </strong></span> 
     </span>
    </p>
   </div>
  </div>
 </body>
</html>
