2974 5030
747 327 799 385 ne

199 493 333 564 eandam
355 515 449 580 supra
468 495 534 563 ianr
556 496 664 564 notaui
680 495 723 582 (p.
739 495 805 583 36).
821 531 861 548 -
876 498 1015 577 decedit,
1038 500 1120 586 quod
1138 501 1171 568 in
1187 501 1348 571 66666616

198 595 318 672 sabula,
350 595 383 663 in
405 615 500 682 quam
520 616 602 665 nano
621 598 800 666 accuratius
822 598 992 686 inquiram,
1021 601 1127 687 gladio
1148 603 1250 670 iuueni
1275 624 1346 690 prae

198 701 317 766 terrore
338 698 453 783 elapso
485 699 539 766 ubi
560 699 614 766 ille
635 700 676 767 ah
703 699 855 769 ancillula
884 719 1034 770 66666666
1065 702 1144 770 (16116
1173 705 1347 788 opitulante

108 873 113 882 ,
197 798 379 884 instigatus,
402 800 439 867 ut
459 802 590 868 matrem
611 800 645 867 in
666 800 832 869 manifesto
847 801 1001 870 adulterio
1016 802 1233 888 deprehendat,
1256 809 1347 872 nootu

198 901 302 969 suhito
317 921 415 988 usque
429 900 469 970 ad
484 901 598 970 leetum
614 894 768 994 genialem
784 904 959 988 prorumpit
975 906 1007 971 et
1019 907 1140 989 patrem
1156 905 1347 974 exsilientem

198 1003 344 1088 agnoseit
366 1003 406 1082 (6.
429 1001 519 1086 XII),
552 1005 659 1087 postea
681 1004 713 1070 in
734 1002 851 1070 iudioio
874 1003 914 1071 ad
938 1005 1092 1072 insontum
1114 1006 1346 1090 opprimendum

198 1105 383 1186 utuntur(o.
399 1104 500 1188 Xlll).
523 1103 610 1186 Quae
625 1103 711 1172 detio
732 1104 857 1190 lougius
878 1105 995 1172 recedit
1016 1107 1056 1174 ah
1077 1107 1255 1192 exemplari,
1278 1109 1350 1192 quin

199 1223 332 1274 noverea
360 1206 468 1291 gladio
498 1225 559 1273 nou
588 1206 622 1274 in
651 1207 719 1290 ipsa
750 1205 852 1290 stupri
883 1206 963 1274 16166
996 1208 1212 1277 criminatione
1244 1212 1351 1296 ut'tur,

199 1307 327 1392 propius
347 1309 449 1389 66661,
471 1309 544 1394 quia
569 1307 694 1394 gladius
715 1307 805 1394 quasi
827 1307 942 1394 pignus
965 1308 1074 1394 eulpae
1096 1310 1196 1378 loeum
1220 1311 1350 1380 inuenit.

299 1409 359 1478 Sed
381 1411 475 1479 etiam
498 1410 539 1478 ad
564 1411 698 1478 altorum
720 1409 1350 1498 166666111166616666661166666666-

58 1523 71 1540 ·
147 1475 152 1488 ⁸
198 1510 250 1576 loii
268 1510 515 1578 6661616661.
554 1511 680 1577 illenim
698 1510 834 1577 (inemori
850 1512 967 1590 narrat,
992 1513 1145 1594 quomodo
1163 1531 1296 1580 nouerca
1319 1533 1352 1580 se

199 1629 219 1678 6
241 1608 544 1678 Panathenaioorum
576 1610 783 1678 delatratione
805 1609 947 1678 reducem
975 1613 1060 1679 reste
1088 1612 1231 1680 sollemni
1263 1633 1351 1682 eoro-

200 1731 302 1798 naqne
327 1711 568 1780 eondeooraturn
597 1712 722 1780 vixdum
751 1712 853 1780 uisum
884 1712 1013 1781 libidine
1038 1733 1183 1800 praeceps
1209 1716 1351 1802 amplexa

198 1814 242 1881 sir
263 1832 290 1880 6.
312 1813 359 1880 X:
391 1804 461 1878 ἀλλ’
482 1803 552 1878 dni
574 1814 695 1901 γυμνῆς
714 1817 774 1903 τῆς
795 1813 977 1898 ἐπιθυμίας
997 1813 1191 1902 προςέτρεχε
1214 1817 1269 1882 καὶ
1290 1840 1352 1882 πε-

200 1912 380 1997 ριβαλοῦσα
410 1907 429 1981 ὁ
462 1908 769 2000 stephanidem,
807 1907 976 2003 (idoneis
1004 1907 1023 1980 ὁ
1052 1908 1130 2000 ἐμὰς
1156 1911 1247 2003 ἔλεγε
1256 1920 1277 1983 ¹.
1307 1953 1353 1967 -

199 2018 344 2084 Iunonem
369 2015 470 2102 igitur
489 2014 584 2083 simul
605 2017 758 2085 Theseum
779 2018 812 2086 et
832 2017 1040 2104 Hippolytum
1064 2017 1233 2087 salutarit?
1274 2020 1353 2089 Sen-

199 2139 269 2186 sum
299 2117 419 2186 nullum
451 2137 515 2186 esse
547 2119 702 2205 perspexit
728 2118 837 2188 (torale
865 2121 912 2202 (Π
936 2142 965 2206 p.
990 2121 1057 2203 19);
1090 2120 1155 2206 ipse
1175 2122 1308 2207 protulit
1329 2115 1350 2188 d

201 2219 337 2308 Θησέως
357 2214 438 2302 υἱός,
471 2221 554 2307 quod
575 2221 608 2290 in
628 2223 694 2290 tam
717 2221 824 2290 uirida
843 2223 1035 2290 salutatione
1055 2224 1170 2291 mirum
1197 2226 1352 2311 parantum

199 2322 330 2408 languet
351 2325 383 2392 et
402 2322 568 2392 olandioat.
603 2323 831 2393 Exclamationi
848 2327 951 2394 autem
967 2325 1048 2408 item,
1064 2329 1219 2412 repugnat
1234 2325 1351 2394 Rondii

200 2425 377 2494 coniectura
398 2425 470 2508 (1.1.
489 2445 517 2512 p.
533 2427 605 2494 458.
624 2431 670 2506 hl:
692 2419 1018 2508 delectantium,
1042 2424 1163 2513 ἐρρέτω
1185 2422 1355 2516 ὄΘησεός

155 2519 158 2531 ’
198 2520 217 2594 ὁ
239 2523 331 2614 ἐμός,
360 2527 393 2594 16
416 2548 478 2614 qua
499 2531 658 2615 praeterea
679 2522 698 2595 ri
723 2526 801 2614 ἐμός
822 2530 863 2597 66
885 2529 1036 2598 Theseum
1059 2531 1192 2599 relatum
1214 2531 1353 2600 maxime

198 2628 337 2698 offendit.
369 2630 655 2715 Nequererhornm
671 2625 943 2712 integrationem
967 2633 1050 2701 uiros
1074 2633 1182 2702 doctos
1201 2634 1353 2702 arourate

198 2731 259 2798 sihi
280 2731 454 2800 reddidisse
475 2733 655 2801 oontendo’.
686 2733 734 2800 Ne
748 2735 865 2802 multus
879 2733 954 2801 sim:
977 2753 1078 2802 noune
1092 2735 1235 2803 Phaedra
1250 2735 1352 2817 adest,
1453 2777 1454 2784 κ

198 2853 278 2919 quae
303 2832 443 2900 adfirmat
469 2853 501 2902 se
522 2834 633 2903 Thesei
666 2835 752 2920 pueri
781 2835 889 2903 vultus
917 2835 1035 2920 priores
1064 2856 1178 2919 amare,
1214 2855 1285 2904 enm
1313 2836 1354 2904 in

198 2934 369 3020 Hippolyto
392 2937 517 3021 genitor
537 2938 623 3004 totus
644 2937 708 3004 sit?
730 2937 814 3018 (Son.
836 2955 865 3004 r.
890 2938 952 3004 646
971 2939 1031 3023 sq.)
1071 2937 1258 3005 Nominibus
1279 2955 1356 3022 pro·

176 3030 274 3123 'priis
294 3036 395 3122 igitur
416 3037 499 3106 inter
519 3057 551 3106 se
573 3038 705 3106 mutatis
726 3038 937 3106 scribendum:
960 3031 979 3105 ὁ
1003 3034 1076 3118 νέος
1090 3031 1224 3125 Θησεύς,
1247 3037 1266 3106 6
1283 3037 1353 3104 Ἱπ-

198 3129 389 3216 661666ςὸ
417 3132 505 3222 ἐμός.
547 3139 637 3221 Quod
666 3140 769 3207 soriha
794 3159 905 3223 parurn
921 3139 1103 3217 intellexit3
1139 3139 1240 3220 eredo,
1273 3139 1354 3224 quia

197 3240 264 3308 eius
285 3238 391 3307 animo
412 3239 603 3326 Hippolytus
632 3239 745 3308 alaonis
776 3239 949 3307 iuventutis
981 3239 1137 3326 exemplar
1158 3240 1262 3326 potius
1293 3239 1355 3306 oh·

198 3342 390 3411 versabatur.
424 3339 610 3411 Coniectura
621 3343 727 3411 autem
743 3341 886 3408 munitur
905 3341 939 3408 et
955 3341 1176 3409 ooustahilitur
1195 3359 1243 3425 eo,
1264 3340 1353 3426 quod

198 3443 231 3511 iu
257 3444 383 3531 Apuleii
416 3443 525 3512 fabula
554 3443 638 3544 idem
669 3441 805 3512 eiusdem
839 3438 971 3510 soaenad
1000 3440 1186 3528 pampineae
1218 3460 1354 3526 acumen
1437 3482 1440 3490 ·

300 3748 435 3808 ¹Similia
462 3751 506 3806 est
530 3745 705 3805 Aristaeneti
731 3747 809 3804 16666
831 3745 868 3814 11,
893 3749 935 3804 16.
964 3764 993 3820 p.
1013 3747 1066 3804 166
1087 3744 1123 3803 Η.
1170 3743 1211 3802 cl.
1234 3743 1352 3817 Dilthoy

198 3839 225 3898 d.
243 3839 312 3897 Call·
331 3835 398 3910 (lyd
416 3855 445 3910 p.
463 3839 506 3896 76.
836 3830 837 3834 ’
977 3867 978 3870 =

300 3928 441 3984 ’Iuvenis
458 3925 626 4000 signifieatio
643 3925 690 3981 hie
707 3941 823 3998 prorsus
843 3924 985 3996 superflua
1007 3929 1058 3981 661.
1093 3922 1225 3980 Alterum
1253 3925 1350 3978 autem

197 4035 319 4081 sensum,
347 4034 403 4088 quo
421 4014 604 4074 Prometheus
621 4008 684 4076 rods
701 4007 879 4076 6166666616
896 4015 968 4070 61161
985 4011 1095 4086 (nosen
1115 4010 1210 4067 Prom.
1228 4011 1295 4082 9603
1314 4009 1350 4067 61.

198 4125 225 4164 r.
244 4105 309 4178 966)
331 4105 362 4163 16
381 4104 523 4164 666611616
542 4102 713 4162 alloontione
734 4102 853 4159 nimium
879 4100 984 4176 frigere
1006 4118 1088 4158 nemo
1109 4105 1160 4166 661,
1191 4097 1260 4170 quin
1283 4117 1350 4156 666·
1362 4149 1380 4156 ,.

198 4197 311 4252 6661161.
346 4195 446 4252 Nescio
464 4199 620 4264 praeterea,
648 4210 684 4248 an
709 4191 834 4263 antiquis
856 4189 1020 4247 anoton-ibus
1042 4205 1129 4259 aequa
1151 4205 1186 4244 ao
1202 4187 1350 4243 666161616
1398 4199 1405 4213 ·

37 4243 61 4342 ἕ.
199 4301 264 4340 6666
290 4282 369 4340 verbi
396 4282 526 4338 insolitas
554 4279 650 4350 inerit,
677 4279 723 4335 eui
748 4277 869 4336 Goether
899 4279 950 4335 der·
971 4294 1044 4333 neue
1060 4275 1197 4363 Pausian,¹
1210 4273 1262 4330 der
1278 4291 1350 4330 nene

45 4389 48 4406 ¹
138 4435 144 4446 ,
198 4371 287 4460 Paris,
304 4371 351 4428 die
369 4389 439 4427 neue
457 4370 602 4440 Metuaine,
621 4367 763 4426 viritatem
782 4367 851 4424 dero
868 4373 983 4424 6666166
1001 4371 1052 4421 661.

1131 4451 1149 4542 ⁸
