2982 5006
160 599 233 666 lirae
263 597 405 676 elucebit,
439 595 466 664 ai
495 596 536 663 ad
558 595 637 664 aliae
657 595 851 667 imitationes
870 617 1053 683 praevereuo
1074 618 1142 676 ere:
1173 599 1250 667 item
1273 598 1315 667 ad

161 697 287 781 ringula
308 695 467 764 Phaedrae
487 695 646 762 Romanae
679 697 773 763 verba
809 699 917 780 porlea
950 698 1073 766 redeam
1095 716 1230 766 necenee
1255 700 1314 765 eat.

160 797 289 866 interim
310 815 447 864 arceaaee
468 815 513 876 ea,
547 813 626 879 quee
647 793 707 862 Leo
729 794 765 873 (l.
784 793 807 862 l.
822 813 861 880 p.
886 796 959 876 177)
980 797 1164 882 disputavit,
1198 799 1314 885 quibuv

135 963 140 978 ,
162 897 286 983 quidem
305 912 354 964 rea
376 915 437 963 nou
460 896 608 962 exhausta
631 897 688 961 eat.
733 895 815 961 Nam
839 895 922 980 qnod
943 897 1087 964 Phaedra
1114 897 1254 966 affirmat
1281 918 1314 966 ae

161 996 216 1063 uni
231 997 375 1082 privigno
390 995 506 1062 mutmi
529 1012 697 1078 respersam
720 993 808 1060 nulla
830 995 909 1072 labe,
931 995 1094 1076 intactam,
1115 997 1312 1064 innocentem

161 1097 393 1181 (81711668),
415 1095 448 1164 id
463 1114 580 1180 ruram,
601 1095 629 1162 ai
643 1095 717 1180 quid
734 1113 883 1180 unquam,
904 1096 1029 1181 egregie
1047 1098 1315 1167 illuatreturOri·

161 1199 213 1268 dii·
228 1199 331 1265 verbio
352 1199 426 1264 Her.
450 1197 506 1274 IV,
531 1196 568 1261 17
590 1214 654 1280 eq:

311 1317 372 1365 non
394 1315 451 1382 ego
474 1295 614 1380 nequitia
634 1295 762 1363 socialia
786 1296 910 1363 foedera
932 1316 1094 1382 rumpamc

360 1396 455 1478 ianua,
478 1396 573 1463 velim
594 1415 737 1483 quaeras,
760 1396 889 1463 crimine
912 1402 1017 1465 neutra
1042 1398 1142 1465 vacat

1432 217 1438 226 ’

162 1503 253 1570 quta
288 1500 395 1568 autem
424 1497 527 1582 pergit
558 1516 596 1565 ac
620 1499 647 1565 ai
672 1517 830 1584 nunquam
853 1499 979 1577 amarit,
1015 1500 1165 1566 maritum
1189 1519 1313 1584 nempe:
1362 1561 1370 1568 .

159 1600 266 1675 ‘venit
290 1620 377 1671 emor
397 1600 535 1688 gravina,
556 1618 618 1687 qun
639 1601 748 1670 seriue’
773 1619 798 1669 e.
822 1619 852 1688 q.
875 1619 900 1668 a.
926 1601 980 1685 (ci.
1004 1620 1033 1669 v.
1055 1602 1096 1669 29
1117 1603 1187 1688 aql,
1215 1620 1312 1689 quam
1437 1675 1438 1678 ,

162 1707 239 1779 eatis
261 1705 427 1776 delicatam
448 1705 669 1794 cogitationem
695 1703 829 1776 Senecae
850 1705 957 1776 verba:
976 1700 1127 1786 ‘iniecta
1150 1706 1309 1777 inuocena'
1434 1769 1438 1778 .

55 1863 57 1916 q
162 1815 242 1881 tecte
264 1810 453 1898 significant.
490 1845 522 1860 -·
561 1809 711 1897 Denique,
742 1811 824 1897 quod
848 1810 975 1880 maximi
997 1809 1140 1897 ponderis
1162 1816 1218 1898 eet,
1249 1832 1312 1881 nen

162 1915 377 1994 dubitandum,
408 1915 485 2000 quin
517 1915 549 1981 in
582 1933 693 1982 scaena
715 1913 883 1998 Euripiden
905 1913 1048 1982 Phaedra
1077 1933 1110 1982 se
1140 1913 1311 2000 supplicem
1398 1951 1399 1956 κ
1436 1931 1438 2004 ἢ

163 2015 330 2100 Hippolyto
359 2016 516 2083 abiecerit.
571 2016 653 2082 Nam
687 2017 743 2082 aut
777 2015 854 2080 nibil
885 2015 974 2082 video
1001 2018 1058 2081 aut
1084 2015 1117 2081 iu
1139 2014 1313 2083 Ouidianao
1437 2039 1438 2062 l

55 2133 56 2136 ’
163 2116 320 2185 Phaedrae
341 2115 441 2184 verbio
468 2119 608 2184 tenemur
631 2115 768 2183 vividam
793 2115 932 2201 aliquam
954 2115 1135 2198 tragoediae
1164 2135 1309 2184 scaenam

161 2237 190 2286 v.
204 2218 278 2285 iilic
297 2211 375 2284 ‘nou
391 2235 449 2302 ego
464 2217 616 2299 deripier
626 2216 751 2301 ruppler
766 2216 954 2301 humilisque
967 2207 1110 2300 precari,
1135 2235 1163 2283 v.
1178 2217 1237 2284 153
1247 2237 1311 2302 eq:
1437 2215 1438 2250 7

158 2309 260 2383 ‘victa
281 2335 397 2400 precer,
425 2315 617 2401 genibusque
639 2317 703 2382 tuin
724 2317 843 2400 rogalia
865 2316 961 2383 undo
983 2305 1153 2383 Bracrbin’
1167 2321 1187 2382 ¹.
1230 2314 1310 2384 cum

53 2407 55 2488 J
161 2435 221 2501 quo
254 2415 370 2483 Seneca
402 2414 530 2481 mirilico
563 2417 708 2499 congruit
741 2434 770 2482 v.
800 2417 863 2483 6176
888 2435 949 2500 eq:
977 2410 1035 2482 ‘eu
1068 2415 1194 2499 supplex
1226 2415 1310 2482 iacet

162 2516 298 2599 Adlapsa
319 2516 449 2598 genibua
482 2515 586 2600 regiae
610 2515 711 2599 prolee
741 2516 877 2582 domua’.
921 2515 1040 2599 Quibus
1067 2515 1222 2598 adiungas
1251 2515 1311 2584 Ov.

159 2635 187 2681 v.
212 2616 285 2681 leo:
314 2607 372 2681 ‘de
394 2615 516 2681 reniam
540 2615 639 2682 iaaeae
660 2615 799 2698 duraque
820 2614 914 2681 corda
936 2605 1061 2681 domai'
1081 2619 1113 2680 et
1133 2614 1206 2682 Seu.
1230 2615 1310 2682 671:

154 2708 315 2780 ‘miserere
341 2714 489 2781 amentie’
523 2749 557 2762 -
589 2733 669 2798 quae
689 2715 829 2795 tragicae
851 2713 1011 2781 Phaedrae
1032 2715 1214 2800 imprecatio
1235 2737 1309 2801 qra-

156 2815 311 2880 dationem
337 2832 484 2897 perquem
512 2813 669 2880 elficacern
691 2815 822 2892 exbibet,
856 2813 980 2898 quando
1001 2815 1058 2880 illa
1080 2822 1171 2880 antea
1194 2834 1224 2882 r.
1246 2819 1309 2881 1723

155 2914 194 2981 ad
217 2914 317 2979 multe
341 2911 588 2979 verecundiorem
611 2931 728 2997 precem
753 2913 968 2980 descenderat:
987 2907 1148 2980 ‘miserere
1163 2914 1307 2982 viduael'

156 3013 333 3080 Admodum
355 3017 461 3079 autem
487 3014 645 3097 probabile
668 3013 869 3096 Hippolytum
892 3014 924 3079 in
947 3016 1012 3079 tam
1036 3013 1125 3080 ioedn
1158 3013 1307 3097 adspectu

155 3113 300 3196 pudorem
333 3131 392 3178 non
419 3113 521 3178 verbis
543 3117 668 3179 tantum
699 3107 773 3196 (irg.
795 3115 875 3179 439:
908 3099 935 3177 ui
962 3113 1071 3179 πότνι’
1100 3108 1203 3191 αἰδώς
1228 3113 1308 3194 uri.)

155 3213 406 3280 manilestantem
429 3216 523 3294 caput
541 3213 725 3280 vmtimento
748 3213 930 3293 obtrivisse,
964 3213 1173 3288 unde,iabula
1196 3231 1306 3280 nornen
1435 3273 1436 3276 ,

154 3313 289 3390 invenit,
318 3315 354 3377 ut
381 3313 471 3394 Toup
503 3315 536 3378 et
558 3311 702 3378 Welcirer
735 3314 962 3378 coniecerunt&
1006 3312 1141 3395 Repulua
1164 3313 1307 3378 Phaedra

153 3409 265 3474 iterum
300 3409 437 3492 privigni
469 3410 600 3491 genibus
633 3409 813 3475 advolvitur
841 3428 870 3473 v.
898 3409 969 3488 703,
1003 3415 1096 3492 atquo
1119 3411 1215 3475 etiam
1238 3428 1307 3475 em·
1435 3401 1436 3450 ἴ

153 3506 302 3589 plectitur
328 3524 450 3572 cumr.
473 3507 553 3578 7053
586 3506 670 3589 quod
699 3507 775 3588 quin
805 3505 938 3572 maxime
967 3506 1067 3572 risum
1090 3507 1133 3572 ait
1155 3501 1306 3588 ἅηρεπὲς

159 3656 351 3666 ——.--.---

257 3725 264 3757 ¹
286 3721 332 3780 Sic
357 3722 509 3779 adducitur
535 3725 613 3794 quari
638 3724 667 3780 in
691 3740 819 3779 menam
845 3723 935 3794 ipram
959 3722 1018 3779 lole
1036 3724 1149 3795 captiva
1167 3721 1218 3781 Or.
1237 3723 1304 3781 Her.

153 3809 203 3880 IX,
223 3812 271 3866 171
293 3811 330 3868 oi.
348 3811 413 3868 Birt
431 3812 450 3867 l.
468 3812 487 3867 1.
506 3828 534 3884 p.
553 3811 615 3867 illl.

255 3899 267 3934 ¹
285 3899 325 3953 Gi.
337 3899 394 3953 Leo
413 3899 432 3952 i.
441 3899 460 3952 1.
471 3915 498 3968 p.
514 3901 562 3952 1⁸2
572 3899 638 3967 (27).
657 3898 884 3968 Phaedracaput
901 3899 1009 3970 pudere
1027 3897 1153 3954 obvolvit
1162 3897 1230 3953 Bur.
1240 3897 1305 3966 Hip.

153 3983 215 4048 niu,
226 3983 293 4038 item
305 3982 440 4038 Herculeo
451 3983 519 4039 Eur.
532 3983 597 4039 Her.
609 3983 663 4039 iur.
677 3986 746 4038 live
756 4000 796 4053 aq.
809 3983 995 4038 -Pauraniar
1005 3983 1055 4044 111.
1061 3984 1145 4038 nouo
1155 4000 1196 4051 aq.
1206 3989 1305 4036 narrat
1434 4027 1435 4062 i

153 4068 188 4122 ue
206 4068 355 4138 Penelopa,
383 4086 446 4125 cunr
465 4071 501 4126 ab
522 4069 603 4126 Ulixe
622 4070 857 4140 interrogaretur,
879 4070 1002 4125 velletne
1021 4087 1051 4125 re
1068 4067 1146 4138 requi
1169 4057 1207 4123 'an
1229 4067 1305 4139 apud

152 4159 262 4223 patrem
286 4173 443 4213 remanere:
471 4161 516 4212 erut
536 4154 586 4222 τὴν
608 4152 819 4223 ἀποκρίνασθαί
841 4173 931 4228 qoorr
953 4152 1050 4211 oddio’·
1075 4155 1307 4224 dyxuiovbrrprqut

153 4243 185 4296 dt
204 4241 276 4313 πρὸς
292 4243 323 4299 rb
341 4239 468 4317 ἐρώτημα
486 4237 599 4313 Ἰκάριος
615 4242 665 4309 την
682 4245 747 4314 pru,
765 4237 811 4298 dre
831 4240 866 4310 cip
885 4247 991 4303 domolo
1013 4239 1045 4302 ,ἧς
1058 4238 1180 4310 pellem
1193 4236 1306 4296 einaim

152 4329 223 4403 perir
240 4326 401 4403 Ὀδυσσέως,
418 4327 545 4404 ἇηιίησνν,
564 4324 677 4404 ἄγαλμα
696 4331 729 4386 tl
748 4325 885 4398 ἀνέθηκεν
902 4330 1015 4393 Α71οῦς.
1042 4328 1162 4385 ennoea
1184 4321 1239 4400 rip
1258 4326 1308 4394 τῆς

151 4412 220 4475 o'riod
237 4414 416 4492 προήκουσαν
432 4412 484 4490 ἤδη
503 4417 552 4489 ιὴν
570 4414 736 4490 Πηνελόπην
752 4422 882 4492 λέγουσιν
899 4414 1121 4491 ἐγκαλύψασθαι,
1190 4410 1196 4420 “
