2974 5030
712 302 749 358 76

154 473 211 541 iiie
226 473 306 542 nlius
326 475 471 561 sogessit
489 474 543 556 (ei.
565 473 626 560 ing.
651 475 712 542 luo
733 473 793 541 ine.
816 473 899 541 xus
921 472 962 540 Μ.
983 473 1039 553 lv,
1061 471 1127 555 48).
1159 471 1298 552 Accedit,

155 575 239 660 quud
266 575 477 660 fragmentum
498 578 540 642 63
564 576 661 661 suget
687 574 892 661 suspicionem
917 593 988 642 eum
1009 574 1173 660 Hippolyti
1195 572 1299 641 Veluti

153 675 232 741 bene
255 694 389 761 gusnun
414 677 519 758 fuisse,
552 677 589 742 ut
613 676 647 742 in
673 677 776 762 priore
801 675 1029 742 dissertationis
1057 677 1146 760 purte
1177 679 1220 759 (p.
1243 675 1297 757 27)

152 774 284 842 ostendi.
324 775 487 862 Euripides
507 777 612 844 eutem
634 775 699 862 ipse
726 775 860 843 similem
883 776 1035 843 rationem
1057 775 1217 844 oorreludit
1237 773 1298 860 irg.
1355 815 1364 832 ι

152 875 216 944 inu.
236 877 316 944 912:
1359 879 1362 886 ’

322 972 461 1067 duduco
482 977 643 1063 ἐβούλεθ’,
665 968 686 1070 ᾗ
706 972 817 1062 νόμων
838 970 933 1046 nisis
951 979 1042 1064 μέλει
1053 982 1074 1046 ¹.

252 1080 315 1148 Sed
335 1101 413 1166 opus
433 1083 480 1150 est
500 1083 626 1149 tendens
648 1081 817 1166 uliqunudo
832 1085 1018 1166 arguments
1032 1081 1168 1150 breviter
1182 1081 1299 1148 osirin·

152 1199 242 1267 geter
270 1200 343 1248 nem
366 1201 437 1249 eum
459 1201 494 1250 ex
513 1184 766 1250 ornamentorum
789 1181 943 1250 coloribus
967 1182 1151 1267 iubulseque
1173 1183 1297 1260 nature,

152 1281 192 1348 de
205 1301 266 1367 que
280 1301 315 1349 re
328 1283 410 1352 inire
431 1285 590 1370 disseram,
613 1283 768 1351 efficietur
783 1283 896 1352 Ouidio
911 1285 1039 1370 aliquod
1052 1283 1296 1352 Alexandrinum

152 1384 309 1469 exemplur
320 1385 354 1452 in
368 1387 514 1471 promptu
528 1385 632 1467 inisse,
654 1384 736 1472 quod
754 1385 787 1452 in
798 1384 1178 1483 HeluiicinnseSmyrne
1190 1385 1297 1454 eodem
1320 1417 1323 1426 ·

151 1485 220 1552 iure
238 1487 368 1552 sumunt
387 1486 439 1569 (ei.
461 1488 568 1558 Rohde
587 1488 609 1556 l.
629 1487 651 1556 1.
672 1507 701 1574 p.
725 1489 796 1556 101.
819 1489 867 1574 u),
896 1488 997 1556 oritur
1017 1488 1133 1556 iterum
1155 1489 1296 1574 quaestio

152 1586 292 1672 apprime
310 1587 427 1675 grauis,
448 1591 573 1658 ouiuum
588 1589 752 1676 Euripides
767 1589 884 1658 colores
899 1591 1024 1657 mutuos
1045 1589 1179 1672 dederit;
1201 1609 1296 1676 quoru

150 1708 274 1758 summu
294 1710 366 1758 eum
389 1691 490 1775 speeie
510 1692 574 1758 rori
596 1691 702 1759 eudem
724 1690 825 1772 modo,
856 1709 918 1776 quo
944 1691 977 1757 in
1000 1690 1150 1776 Byblidos
1178 1691 1296 1772 isbuls,

151 1789 415 1875 solsipossemihi
427 1793 558 1859 oonsmt.
578 1791 661 1858 Num
677 1792 714 1858 ut
734 1798 854 1859 mosem
876 1791 914 1858 de
934 1790 1140 1858 similitudine
1156 1790 1296 1860 uolonum

151 1889 319 1958 admodum
341 1891 452 1974 dilnts,
474 1892 529 1980 quui
550 1893 590 1961 nd
611 1891 744 1979 priorem
760 1892 934 1961 Phaedrum
948 1891 1114 1960 reroeendi
1130 1895 1214 1975 sunt,
1233 1912 1294 1961 non
1361 1945 1364 1952 ,

103 2079 106 2084 .
151 2008 232 2076 nego
253 1990 320 2057 fieri
341 1993 487 2077 potuisse,
511 1995 549 2061 ut
561 1992 693 2062 Ouidius
713 1992 746 2059 in
766 1992 946 2062 adornando
967 1992 1022 2060 iiio
1045 1987 1201 2078 oolio'quio
1214 1992 1297 2061 inter

150 2091 305 2159 nutricem
327 2094 360 2160 et
388 2093 548 2162 alumnum
578 2093 701 2181 trsgieo
726 2094 895 2181 exemplari
925 2097 1079 2171 uteretur
1114 2112 1294 2180 quenquam

149 2195 240 2278 poeta
260 2194 339 2263 elius
361 2214 422 2262 nor
443 2195 562 2264 ueritus
580 2199 628 2263 est
641 2197 725 2264 totos
740 2215 846 2265 uersus
860 2196 999 2284 integros
1019 2197 1180 2282 surripere,
1203 2197 1295 2284 quale

147 2294 269 2362 furtum
290 2298 396 2364 uestro
415 2298 484 2365 loeo
500 2317 561 2364 uon
577 2298 825 2383 deprehenditur.
849 2297 909 2366 Sed
923 2298 1021 2366 utris
1036 2302 1117 2366 esto:
1133 2297 1208 2383 quin
1221 2298 1295 2366 Ale·
1352 2291 1359 2298 ’

146 2396 292 2464 sundrini
307 2398 482 2484 pmeierint,
503 2399 632 2467 dubium
647 2417 712 2468 esse
730 2399 838 2485 nequit
852 2399 1003 2466 Antonini
1016 2398 1169 2467 Liberalis
1188 2399 1295 2468 inbnlu

145 2497 281 2566 XXXIV
292 2501 333 2568 sd
346 2502 610 2586 comparutionem
626 2504 736 2569 ruente
745 2505 767 2569 ⁸.
802 2503 860 2570 llio
875 2501 957 2569 enirn
976 2501 1014 2569 de
1031 2501 1175 2588 Smyrna,
1198 2521 1292 2587 quom

145 2602 247 2680 voest,
262 2599 504 2685 hueoperhibet:
525 2600 644 2688 ταύτην
655 2597 711 2669 διὰ
724 2600 844 2682 κάλλος
855 2600 1007 2669 πλεῖσται
1028 2601 1084 2668 καὶ
1104 2599 1140 2668 ἐκ
1161 2595 1316 2668 πόλεων·

143 2698 310 2767 πλείστων
322 2695 528 2789 ἐμνξατεααν,
551 2701 570 2794 ἡ
589 2701 626 2770 δὲ
648 2696 757 2770 πολλὰ
777 2701 957 2790 ἐμηχανᾶτο
979 2698 1066 2787 πρὸς
1081 2695 1209 2791 ἀπάτην
1227 2705 1294 2770 τῶν

143 2800 265 2886 γονέων
285 2802 340 2870 καὶ
359 2795 522 2872 deessem
541 2805 601 2872 τοῦ
622 2800 755 2889 χρόνον·
783 2800 891 2885 δεινὸς
910 2799 971 2891 γὰρ
992 2796 1097 2892 αὐτὴν
1118 2802 1205 2891 ἔρως
1225 2803 1293 2889 ἐξέ-

142 2927 243 2990 prprer
258 2902 316 2973 ἐπὶ
336 2907 384 2994 spi
405 2906 516 2992 πατρί.
543 2905 597 2974 καὶ
621 2901 703 2973 ruod
724 2905 785 2992 μὲν
805 2903 906 2991 ἀρχὰς
927 2905 969 2974 δι’
983 2901 1067 2974 uide)
1091 2904 1292 2992 ratisponens

143 3000 203 3096 τὴν
225 3001 332 3088 scions,
356 3004 433 3075 ἐπεὶ
453 3009 489 3077 δὲ
511 3004 549 3077 sd
572 3003 687 3088 niune
705 3000 808 3097 ueirp'r
823 3011 975 3100 προῆγεν,
998 3008 1108 3094 ἐξεῖπε
1123 3005 1292 3096 τὸνλόγον

143 3101 233 3190 πρὸς
248 3103 445 3197 Ἱππολίτρν
465 3106 523 3199 τὴν
544 3105 680 3204 τροφόν·
703 3109 723 3200 ἡ
744 3110 780 3178 δὲ
801 3107 1011 3194 παραδώσειν
1026 3104 1108 3203 αἰτῇ
1126 3102 1208 3192 ἄκος
1229 3113 1291 3178 τοῦ

143 3207 332 3297 παραλόγου
351 3213 486 3293 πάθους
507 3209 716 3300 ὖποσχομὲνρ
737 3208 835 3301 λόγον
855 3212 942 3299 πρὸς
962 3212 1021 3283 τὸν
1037 3213 1177 3282 Θιίαπα
1190 3238 1293 3299 προς·

142 3307 270 3397 ἔφερεν,
292 3307 345 3380 ὅτι
365 3313 432 3382 κτλ.
448 3317 549 3383 -Ut
570 3319 787 3401 eognoeoetun
809 3316 885 3401 quid
907 3317 939 3382 in
965 3317 1023 3383 inno
1046 3316 1179 3399 epitome
1199 3334 1292 3399 pere·
1428 3333 1446 3339 ··

142 3414 272 3497 phrusts
285 3415 439 3496 reciderit,
460 3417 552 3501 nequi
575 3417 685 3485 iudieii
706 3437 805 3484 unum
826 3418 885 3485 hoo
907 3417 976 3497 erit,
998 3419 1035 3483 ut
1055 3417 1095 3482 ud
1117 3415 1229 3482 similis
1243 3417 1291 3482 iu·

242 3715 318 3772 'Ad
334 3721 490 3772 extremum
509 3715 608 3773 laudet
624 3715 739 3787 Myrrha
761 3723 868 3790 gentes.
893 3717 923 3773 in
946 3715 1048 3788 quibus
1073 3713 1155 3772 'uste
1178 3717 1290 3786 ponenti
1419 3741 1421 3746 ¹

141 3801 281 3877 iungitur·
300 3822 327 3860 v.
338 3806 392 3860 1131
407 3823 458 3876 sq„
477 3805 553 3876 quod
570 3805 605 3862 de
622 3805 768 3862 Chaldaeis
786 3811 816 3863 et
827 3805 986 3878 Mngureeir
997 3804 1076 3861 Sotio
1088 3803 1181 3876 (Βίας.
1194 3804 1290 3860 lauert.

140 3891 165 3962 1,
182 3893 212 3964 7)
230 3897 260 3949 et
276 3893 449 3950 Burdsseues
465 3892 687 3964 (sumnus-sp.
707 3893 758 3950 Er.
771 3893 819 3958 VI,
839 3897 877 3949 11)
890 3895 907 3963 ἢ
921 3892 969 3964 21)
988 3893 1139 3949 memoriae
1156 3893 1288 3964 produnt.

141 3979 287 4052 Originum
303 3980 374 4036 tulis
390 3981 493 4036 dueere
509 3985 664 4051 potueruut
682 3999 717 4038 ex
735 3981 871 4038 fabulosis
889 3980 1044 4036 itineresiir
1062 3979 1110 4050 (oi.
1122 3981 1222 4036 Rebus
1239 3981 1289 4038 11.

139 4085 170 4140 p.
187 4069 250 4124 210.
271 4072 313 4139 1.).

241 4157 379 4214 'Nomen
404 4159 529 4215 suetonis
552 4159 687 4231 descripti
709 4158 879 4232 epitomator
906 4158 988 4229 uelut,
1016 4158 1091 4230 quod
1118 4175 1289 4232 magnopere

139 4247 221 4318 queri
238 4247 316 4304 libet.
348 4248 572 4306 Alexandrinum
594 4267 658 4306 snm
682 4267 742 4308 esre
764 4267 845 4308 nemo
864 4249 995 4323 uegubit;
1023 4250 1054 4306 in
1072 4267 1158 4321 quoru
1176 4255 1285 4308 rentem

139 4335 212 4392 tiu
230 4353 298 4394 mex
314 4338 398 4411 plura
411 4338 599 4412 preiereutur.
