2974 5030
726 349 762 404 80

30 597 38 604 ,
166 521 305 608 patrium
327 523 505 592 cubiculum
527 522 651 590 sceleris
672 521 870 608 perpetrandi
893 539 988 588 44444
1011 511 1327 606 annotantem,

167 643 239 691 cum
271 626 377 692 nutrix
408 623 578 690 interuenit
614 643 644 690 u.
676 625 739 690 220
771 642 817 708 sq.
872 621 1014 690 Similem
1045 639 1189 688 scaenam
1222 620 1319 688 simili
1444 645 1447 654 ·

167 726 327 811 praetcrea
348 724 440 793 modo
462 726 643 792 exornatam
663 723 746 810 apud
762 723 910 792 Ouidium
932 721 1117 801 invenimus,
1140 723 1194 790 ubi
1214 721 1318 789 nutrix

165 824 401 894 interveniendo
412 825 572 912 Myrrham
586 825 728 910 impedit,
750 824 915 910 quominus
935 823 1082 908 laqueum
1104 823 1164 891 sibi
1178 822 1319 891 innectat
1438 873 1440 884 .

165 946 197 996 4.
219 929 283 994 382
305 947 353 1012 sq.
396 927 501 1012 Atque
523 926 557 993 14
580 928 712 1012 utroque
734 928 874 1011 poemate
896 924 1001 991 nutrix
1021 923 1133 992 deinde
1155 943 1191 991 44
1214 923 1318 1010 444114
1361 933 1364 940 “

107 1027 110 1031 ’
165 1047 278 1097 causae
308 1030 392 1097 tabis
427 1028 637 1114 percontando
670 1030 846 1114 exsculpere
876 1029 1008 1095 conatur
1039 1027 1129 1094 4414
1160 1025 1317 1110 proposito

166 1131 289 1220 perstat
319 1129 394 1212 (Gir.
426 1131 489 1200 234
509 1150 556 1219 sq.
593 1131 656 1199 254
676 1149 733 1218 sq,
776 1129 832 1200 Or.
858 1129 918 1198 391
942 1148 988 1215 sq.
1022 1128 1085 1196 394
1107 1146 1153 1214 sq.
1186 1127 1248 1194 405
1269 1143 1316 1212 sq.

166 1235 230 1302 412
240 1231 313 1321 sq).
345 1233 454 1321 Neque
475 1252 546 1302 uero
567 1232 732 1303 altercatio
749 1232 783 1302 in
806 1231 870 1304 ciri
892 1232 959 1303 tam
982 1230 1148 1302 artificiose
1169 1229 1318 1300 instituta

166 1345 225 1423 est,
256 1356 351 1423 quam
373 1337 456 1422 apud
478 1335 643 1420 Ovidium,
679 1337 785 1404 nutrix
818 1336 885 1404 illic
919 1335 1029 1404 statim
1065 1335 1102 1402 de
1134 1353 1239 1404 amore
1271 1335 1319 1402 lo·

166 1439 276 1525 quitur
295 1437 339 1526 (v.
361 1438 434 1506 237.
457 1437 542 1523 241),
574 1438 626 1507 bic
647 1440 753 1525 444444
775 1439 900 1507 demum
921 1438 985 1505 tale
1017 1437 1093 1524 quid
1124 1437 1319 1523 persentiscit

166 1562 198 1610 4.
220 1543 293 1611 408.
336 1540 473 1629 Scyllam
501 1542 606 1610 autem
632 1543 670 1610 ut
692 1541 853 1630 Myrrham
885 1541 985 1630 primo
1016 1539 1182 1609 obticuisse
1211 1539 1320 1627 arguit

165 1662 196 1712 4.
218 1644 297 1721 2544
330 1643 521 1712 4444144144
549 1642 661 1712 041404
692 1645 880 1727 obsecratur,
915 1663 953 1712 ne
979 1662 1027 1728 44ι
1043 1641 1228 1729 inquirendo
1255 1643 1318 1709 ter·

167 1747 264 1833 queat
295 1765 326 1813 4.
356 1744 435 1826 257,
468 1744 575 1830 qualia
604 1745 689 1814 Naso
717 1745 879 1831 Myrrham
913 1745 1136 1813 exclamantem
1161 1743 1255 1829 fingit
1288 1764 1318 1811 v.

166 1850 229 1916 411
252 1867 300 1934 sq.
343 1849 449 1934 litque
473 1847 571 1915 simili
595 1846 648 1915 ria
675 1866 712 1916 ao
737 1847 869 1935 ratione,
905 1865 969 1935 qua
998 1847 1055 1914 illa
1086 1847 1147 1914 huc
1178 1845 1256 1912 illuc
1286 1864 1319 1913 se

167 1949 266 2017 uertit
299 1985 335 1998 -
370 1968 443 2017 nam
470 1950 587 2018 frustra
613 1950 858 2018 circumuehitur
883 1949 988 2018 omnia
1015 1949 1127 2034 uerbis,
1160 1950 1196 2016 ut
1227 1949 1319 2032 poeto
1357 2009 1359 2014 .

166 2048 248 2117 dicit
268 2069 298 2118 4.
308 2049 382 2129 271,
402 2050 571 2136 autequam
592 2049 746 2118 incestum
769 2051 908 2119 fateatur
932 2085 968 2100 -
992 2051 1023 2118 44
1045 2050 1200 2136 postremo
1222 2048 1319 2116 iatele

166 2151 284 2220 Minois
305 2169 417 2220 nomen
438 2151 552 2238 proicit
572 2173 601 2222 u.
623 2155 696 2240 272,
730 2152 902 2222 Ouidianae
931 2154 1074 2222 beroinae
1098 2152 1222 2220 sceleris
1247 2169 1319 2218 con·

167 2254 260 2341 144414
287 2256 488 2339 extorquetur
514 2276 543 2324 r.
565 2257 628 2323 419
649 2275 696 2342 sq.
744 2257 874 2343 Utrique
900 2258 1006 2325 autem
1038 2256 1244 2341 constitutum
1271 2254 1319 2321 est

166 2356 259 2441 mori,
280 2353 307 2422 si
329 2374 435 2424 amore
457 2374 519 2424 non
536 2357 676 2443 potiatur
690 2357 762 2441 (Or.
776 2360 849 2438 428,
872 2357 934 2426 014.
949 2359 1011 2425 276
1025 2360 1099 2444 sq.);
1122 2377 1194 2426 nam
1210 2356 1318 2443 Scylla
1345 2357 1351 2364 “

146 2476 300 2544 -quoque,
322 2477 403 2543 quae
424 2459 560 2543 primum
582 2478 610 2528 r.
626 2461 688 2526 267
712 2459 864 2527 moriendi
886 2459 1078 2544 propositum
1100 2459 1215 2545 tangit,
1236 2457 1319 2525 inter
1348 2451 1350 2456 ’

167 2556 319 2624 moriendi
351 2559 384 2626 44
415 2559 539 2628 44414414
571 2560 752 2646 perficiendi
778 2561 909 2630 consilia
937 2563 1063 2629 4444444
1089 2560 1223 2642 videtur,
1257 2577 1318 2643 quo

166 2661 309 2743 spectant·
332 2678 360 2727 r.
384 2662 447 2729 280
469 2681 515 2746 sq.
560 2663 733 2748 Utrobique
760 2664 881 2749 puellae
906 2664 1023 2732 amoris
1055 2661 1171 2730 1401414
1203 2660 1320 2728 4444141

166 2759 277 2846 iugens
295 2765 395 2830 terror
423 2764 577 2833 incutitur
609 2763 686 2849 (014.
708 2767 770 2834 283
792 2786 849 2851 sq,
872 2763 929 2834 Or.
952 2765 1015 2831 423
1036 2761 1104 2848 sq).
1147 2762 1209 2830 Sed
1232 2761 1343 2845 Myr·v

166 2863 243 2932 rbac
265 2865 370 2932 nutrix
391 2866 493 2935 multo
515 2867 682 2953 protulisse
702 2866 828 2946 dicitur,
850 2870 887 2934 44
901 2865 985 2935 01444
1006 2883 1128 2934 amores
1144 2864 1320 2950 compescat
1420 2949 1423 2954 Ι

166 2984 197 3034 4.
218 2967 296 3045 4204
328 2969 438 3036 contra
460 2957 584 3056 Scyllae
614 2961 698 3038 clare
727 2969 912 3056 pronuntiat
942 2988 974 3037 se
996 2989 1015 3037 a
1039 2968 1098 3036 tali
1125 2968 1241 3036 conatu
1267 2966 1318 3033 de·

166 3067 276 3136 sistere
296 3090 326 3138 4.
347 3071 411 3139 328
432 3073 528 3157 atque
550 3073 608 3141 boc
631 3092 728 3141 unum
750 3074 854 3158 rogat,
888 3071 1003 3140 441114
1033 3069 1261 3140 inconsiderate
1284 3068 1318 3137 in
1399 3067 1401 3070 ’

166 3170 331 3240 1444414444
355 3192 388 3242 se
409 3175 593 3260 praecipitet
624 3195 654 3244 r.
683 3176 755 3245 327.
798 3177 868 3245 Η44
898 3174 1043 3244 uidelicet
1073 3175 1137 3243 iam
1165 3173 1252 3260 cogit
1267 3171 1318 3239 01·

168 3293 277 3342 uersae
313 3278 463 3345 materiae
497 3280 610 3346 nutura
621 3282 640 3346 ¹.
674 3315 717 3328 -
749 3279 891 3366 Denique
922 3298 960 3346 oe
990 3277 1204 3346 testimouium
1228 3276 1318 3357 desit,

167 3375 252 3462 (111οἆ
274 3378 398 3446 nostrae
419 3379 615 3448 coniecturae
636 3380 728 3448 tidem
751 3382 896 3468 praestet,
928 3382 969 3449 ab
994 3381 1062 3466 ipso
1083 3378 1164 3447 Ciris
1192 3379 1319 3446 4444444

167 3479 328 3563 provisum
348 3482 406 3563 est,
428 3500 499 3548 cum
521 3482 674 3550 nutricem
696 3483 735 3550 04
755 3483 823 3551 0144
846 3483 959 3564 144444,
982 3483 1036 3569 441
1055 3482 1177 3566 4441144
1196 3479 1319 3567 incidit,

167 3578 295 3648 dubiam
317 3581 543 3666 exclamantem
563 3582 687 3651 induxit
707 3604 737 3651 v.
760 3586 821 3652 237
843 3604 907 3670 sq:
929 3583 932 3590 '

267 3681 403 3766 eimibi,
426 3703 463 3751 ne
484 3684 572 3753 iuror
592 3684 647 3754 ille
668 3687 739 3754 tuos
761 3687 911 3756 invaserit
932 3690 1030 3772 artus,

267 3783 331 3864 ille,
353 3786 477 3854 arabae
498 3787 645 3873 Myrrhae
665 3788 824 3874 quondam
846 3788 900 3874 qui
922 3790 1005 3874 cepit
1024 3787 1147 3869 ocellos,

270 3955 280 3988 ¹
298 3953 427 4011 brioria
444 3954 578 4027 44404414
596 3962 647 4024 444,
674 3959 750 4029 quod
768 3959 870 4030 puellis
887 3956 1032 4031 ‘demptae
1049 3959 1145 4016 subita
1168 3959 1198 4013 in
1221 3957 1318 4014 dormi·

166 4040 234 4098 dine
250 4037 339 4099 vinu·
362 4043 529 4100 sceleratum
547 4045 723 4117 44444414444
741 4048 900 4118 peracturi·
917 4048 984 4114 (Gir.
997 4049 1060 4118 214,
1080 4047 1130 4103 04.
1143 4048 1197 4103 440
1207 4045 1270 4119 sq).
1285 4073 1316 4088 -

167 4129 316 4187 Pneucrti
334 4138 429 4188 autem
449 4132 519 4189 libet
537 4134 574 4189 ad
592 4152 741 4206 prucorum
760 4136 870 4208 4441444
888 4137 955 4208 (cir.
974 4140 1037 4207 412,
1055 4137 1108 4194 04.
1125 4136 1192 4206 eoo)
1210 4140 1240 4192 44
1252 4135 1317 4191 Ale·

167 4220 336 4276 xandriuam
353 4228 454 4294 444444
476 4222 551 4279 circa
574 4224 728 4281 minutulas
752 4243 796 4282 res
818 4225 1112 4283 commemorationem
1139 4224 1318 4297 depingentis

166 4327 237 4366 4444
255 4309 574 4384 44114441444(014.241),
592 4330 665 4385 quae
682 4314 794 4386 4441144
813 4321 919 4372 vestem
932 4315 1026 4386 inicit3
1044 4323 1130 4386 quam
1139 4313 1316 4370 Antoninum
1393 4377 1399 4393 ι
1463 4363 1466 4382 ,

167 4415 280 4471 queque
297 4398 356 4456 alio
376 4399 491 4472 quidem
508 4417 592 4458 44444
610 4402 736 4460 14014444
754 4403 876 4460 vidimus
895 4402 942 4474 (oi.
960 4420 1047 4475 44444
1065 4420 1093 4475 4.
1111 4403 1166 4474 81).
