2974 5030
170 465 309 534 Libanus
329 467 361 536 et
381 466 595 554 Antilibanus,
625 467 680 536 uhi
702 468 775 536 tura
800 467 1008 555 colliguntur·
1042 469 1096 553 (ci.
1117 471 1204 540 Seru.
1225 471 1318 557 Verg.

170 568 250 636 Aen·
269 565 458 738 kcffltius
479 669 517 738 de
539 669 662 739 rabulae
683 669 876 755 antiquitate
896 669 1046 739 disserere
1068 669 1159 739 huius
1180 671 1242 739 loci
1257 691 1318 740 uon

154 762 231 851 'esu
264 770 490 840 Alexandrinos
511 773 619 857 poetes
644 791 713 839 earn
734 771 767 839 in
789 770 899 856 primis
919 771 1140 842 illustmndam
1162 773 1222 843 sibi
1247 793 1319 862 pro·
1439 863 1441 868 Ι

170 873 315 958 posuisse,
344 875 381 939 ut
406 874 439 940 in
466 894 528 959 qua
556 873 688 941 illicitae
709 873 838 940 Veneria
860 873 1034 941 cantandae
1055 876 1246 944 occasionem
1267 896 1319 944 er-

170 974 399 1058 optatissimam
431 977 464 1041 et
489 973 678 1042 discordium
708 974 825 1040 amoris
855 973 1021 1041 affectuum
1054 974 1317 1063 depingendorum

169 1075 410 1144 invitamentum
426 1075 826 1152 ualidissimumhaberent,
848 1075 986 1161 quisest.
1006 1075 1082 1160 quin
1104 1096 1224 1146 mecum
1247 1097 1318 1146 con·

170 1176 300 1244 cludat?
343 1177 481 1258 Accedit,
514 1177 599 1262 quod
621 1175 774 1245 Adonidis
800 1176 867 1244 iata
892 1176 931 1244 iis
958 1177 1043 1244 cordi
1070 1181 1153 1246 certe
1181 1179 1317 1260 luerunt,

169 1278 206 1343 ut
237 1278 346 1362 poetae
377 1278 532 1346 bucolici¹
565 1278 597 1346 ot
628 1277 769 1362 picturae
799 1277 1028 1362 Pompeianae²
1055 1279 1221 1365 euincunt3
1258 1281 1318 1347 im·

169 1379 279 1464 primis
313 1379 446 1467 denique
477 1382 511 1449 in
540 1383 685 1467 Aegypto
720 1381 786 1448 eius
819 1380 922 1449 cultus
954 1382 1091 1449 maxima
1122 1381 1317 1451 ueneratione

170 1481 383 1550 celebrabatur
415 1483 469 1567 (cl.
493 1481 593 1551 (icere
615 1482 636 1550 l.
658 1481 679 1549 l.
699 1502 727 1567 p.
750 1481 816 1566 99).
859 1482 971 1567 ltaque
993 1483 1076 1551 hand
1097 1485 1212 1552 temere
1245 1503 1317 1552 con·
1357 1477 1363 1489 ‘

168 1583 247 1652 icias
277 1584 311 1650 in
337 1584 456 1670 Hygini
483 1584 631 1670 Myrrhae
665 1583 773 1652 labula
799 1584 841 1649 58
870 1583 1150 1652 Alexandrinorum
1183 1585 1317 1668 vestigia

169 1684 276 1764 latere,
308 1686 456 1771 quoniam
487 1686 666 1770 sequentem
699 1683 839 1752 tabulam
873 1684 1042 1754 Battiadae
1072 1689 1173 1755 artem
1207 1687 1238 1755 et
1268 1687 1317 1753 in·

169 1787 296 1872 genium
328 1787 446 1871 spirare
476 1786 607 1853 Knaaclr
639 1786 673 1869 (l.
694 1785 717 1852 l.
748 1806 777 1871 p.
798 1787 853 1866 41)
880 1785 1158 1854 Wilamouitzium
1193 1788 1317 1855 secutus

169 1889 324 1973 probarit.
366 1889 404 1954 In
428 1887 611 1973 Apollodori
645 1889 824 1955 narratione
856 1888 958 1956 solent
988 1887 1114 1974 quidem
1148 1888 1315 1976 Panyasim

169 1992 328 2058 auctorem
350 1990 501 2071 crederet
524 1989 690 2057 temerario
711 1991 818 2057 tamen
839 1988 970 2070 iudicio;
993 2008 1065 2057 nam
1088 1990 1155 2057 eius
1176 1989 1317 2058 testimo·

169 2091 257 2157 nium
278 2092 372 2158 antea
394 2091 581 2175 exscriptum
601 2091 695 2158 solito
716 2109 801 2157 more
823 2091 855 2157 in
877 2091 944 2158 sola
969 2091 1153 2177 genealogia
1176 2090 1315 2158 affertur.

169 2192 311 2259 Titulum
333 2191 466 2278 denique
487 2190 687 2278 indagatum,
714 2191 769 2277 qui
792 2191 943 2258 Antonini
965 2191 1115 2264 Liberalis
1138 2191 1316 2261 narratiun-

168 2296 257 2363 culae
277 2294 493 2382 praefigendus
514 2295 566 2380 sit,
598 2295 635 2362 de
659 2293 866 2362 Alexandrino
888 2294 994 2380 aliquo
1016 2297 1143 2362 anctore
1169 2294 1229 2363 tibi
1251 2294 1314 2363 iam

168 2398 334 2476 constabit,
360 2399 541 2482 praesertim
562 2417 633 2466 cum
655 2396 693 2465 de
713 2397 989 2464 transformatione
1011 2399 1126 2481 agatur
1147 2397 1178 2465 ot
1191 2396 1315 2465 fabulae

166 2500 379 2586 quadraginta
402 2521 472 2587 una,
504 2518 583 2585 quas
604 2499 657 2567 ille
681 2487 879 2582 constipavit,
907 2499 970 2565 iere
991 2516 1098 2566 ornnes
1118 2498 1159 2566 ab
1181 2499 1316 2565 Alexan·

167 2603 265 2670 urinis
286 2604 466 2671 auctoribus
488 2603 637 2687 repetitae
655 2602 729 2669 sint.
766 2599 889 2686 Viginti
903 2603 1009 2668 autem
1031 2601 1111 2668 duee
1133 2599 1313 2668 ellicandri

166 2704 421 2772 Heteroeumsnis
453 2706 614 2789 excerptae
647 2705 722 2770 sunt
756 2702 811 2784 (cl.
839 2702 1010 2772 Schneider
1030 2701 1098 2768 Nic
1128 2721 1156 2786 p.
1182 2702 1224 2768 42
1244 2702 1316 2785 sq).

165 2807 278 2892 ltaque
300 2825 415 2890 pronus
438 2805 501 2874 iere
522 2824 591 2872 sum
615 2805 648 2872 iu
674 2824 742 2872 eam
769 2802 967 2884 senentiam,
1002 2805 1039 2869 nt
1064 2801 1163 2870 eidem
1193 2801 1313 2868 auctori

165 2909 305 2975 nostram
335 2907 474 2975 fabulam
496 2906 600 2974 deberi
623 2907 745 2992 putenm
778 2924 852 2972 nam
885 2904 968 2990 quod
999 2903 1134 2990 legimus
1155 2902 1189 2969 in
1211 2901 1321 2972 Schol..

165 3010 319 3078 Theocrii.
341 3008 381 3085 V,
402 3010 457 3076 92:
480 3001 541 3093 τήν
561 2998 730 3093 ἀνεμώνην
749 2999 931 3090 Νικανδρός
951 3027 1052 3099 φησιν
1073 3002 1109 3072 ἐκ
1129 3005 1188 3071 τοῖν
1210 2995 1315 3071 uod-

165 3109 254 3188 νιδος
273 3109 412 3193 αἵματος
433 3111 553 3197 φυῆναι
575 3107 667 3174 lidenr
689 3107 768 3174 iacit
788 3125 858 3172 eum
882 3105 920 3171 de
942 3106 1088 3190 Myrrhae
1109 3104 1184 3172 latia
1205 3105 1313 3189 egisse.

165 3210 212 3277 De
242 3228 392 3278 anemone
426 3211 530 3277 autem
563 3207 694 3277 Ouidius
723 3206 806 3275 idom
840 3204 980 3290 perbibet
1018 3204 1063 3284 (ι.
1095 3204 1154 3272 731
1183 3223 1241 3289 sq..
1273 3203 1313 3271 ci.

164 3309 265 3378 Grave
286 3309 308 3377 l.
331 3311 353 3378 l.
376 3330 403 3394 p.
418 3312 462 3395 8),
495 3311 550 3396 qni
573 3327 739 3376 mnsensua
763 3307 893 3374 nonita
915 3306 1004 3390 parui
1024 3303 1237 3374 aestimandus
1257 3305 1313 3389 est,

266 3464 276 3498 ¹
296 3461 337 3520 Gi.
356 3461 496 3519 Theocrit.
515 3459 632 3517 1r.xv.
660 3459 740 3517 Bion.
759 3458 800 3515 ld.
823 3457 845 3525 1.
864 3457 914 3514 ubi
943 3455 980 3529 (r.
997 3458 1044 3528 91)
1069 3455 1176 3512 Adonis
1195 3455 1313 3526 Cinyrae

105 3573 113 3584 .
163 3551 239 3609 lilius
263 3557 388 3610 uocatur.
425 3552 522 3622 Neque
546 3548 751 3623 neglegendum
771 3547 1020 3619 Philostephanum
1043 3544 1209 3603 Callimachi
1231 3544 1313 3601 ‹lisoi-

163 3644 262 3714 pulum
283 3642 376 3699 Probo
395 3646 517 3704 auctore.
536 3645 569 3695 ut
587 3643 670 3695 antea
688 3637 795 3708 notavi,
822 3637 857 3694 (le
874 3635 1006 3693 Adonide
1023 3635 1112 3708 egisse
1129 3633 1177 3705 (oi.
1194 3633 1313 3690 Mueller·

163 3730 196 3787 F.
213 3729 249 3786 Η.
268 3729 301 3786 G.
319 3729 360 3785 lll
378 3747 406 3802 p.
425 3732 457 3785 91
478 3727 533 3801 frg.
555 3729 606 3798 14).

264 3820 275 3855 ¹
293 3819 375 3876 Helb.
394 3837 439 3876 no.
458 3821 511 3875 999
528 3836 570 3889 eq.
604 3815 742 3874 Adonidis
760 3819 874 3887 partum
891 3833 907 3872 s
925 3814 1057 3886 Myrrhae
1075 3812 1177 3870 arbore
1195 3813 1312 3886 agnovit

163 3907 278 3977 Dilthey
296 3907 411 3978 (Bullet
434 3906 500 3964 dell'
518 3907 588 3962 lnst.
613 3907 681 3962 1969
705 3923 734 3977 p.
760 3904 823 3976 158)
849 3905 879 3961 in
902 3903 1014 3975 pictura
1035 3900 1205 3973 Pompeiana
1226 3899 1309 3957 Helle.
1393 3975 1399 3987 Ι

162 4013 208 4052 no.
230 3996 299 4052 1990
321 4014 429 4053 summa
443 4013 506 4053 oum
525 3995 616 4067 specie
634 3995 705 4064 veri,
737 3998 874 4064 quatenns
891 3991 1044 4049 delineatio
1061 4007 1162 4063 parum
1179 3995 1312 4047 aocumta

162 4084 418 4156 (Rwul-Roohette
436 4103 510 4142 mon.
529 4083 604 4142 ineo.
622 4083 655 4140 Τ.
673 4082 721 4156 48)
739 4082 874 4140 iudicium
891 4081 1027 4138 admittit.

262 4175 275 4211 ⁸
293 4173 335 4232 cl.
353 4174 457 4232 liinlrel
475 4173 530 4247 ing.
550 4174 584 4228 bd
602 4191 630 4246 p.
649 4174 711 4229 964.
741 4171 856 4228 ancke
874 4170 910 4228 de
928 4170 1045 4240 Panyae.
1063 4168 1153 4226 Helio
1171 4185 1199 4240 p.
1215 4170 1251 4225 69
1268 4185 1311 4239 aq.

161 4262 253 4320 (irene
270 4264 287 4319 h
305 4263 325 4320 l.
344 4281 371 4336 p.
389 4265 416 4320 4.
451 4265 492 4319 At
509 4262 675 4320 Tasohirner
689 4260 848 4333 (Panyaeid.
866 4258 967 4332 fragm.
984 4276 1012 4329 p.
1025 4258 1072 4327 49)
1090 4261 1166 4313 recte
1183 4255 1255 4316 nihil
1273 4256 1310 4313 ad

160 4351 309 4423 Panyasim
326 4351 503 4444 referendum
519 4368 579 4409 ease
596 4350 698 4408 statuit
715 4349 770 4406 nisi
787 4347 927 4406 Adonidis
944 4351 1088 4420 parentes
1187 4397 1190 4404 .
