2974 5030
680 331 754 416 sne·

129 507 300 578 senatrioes
322 508 443 576 Dianae
465 506 612 590 eomitea,
646 504 771 574 Amoris
791 503 863 574 telis
884 503 957 572 illas
978 521 1100 589 quoque
1122 501 1277 586 postremo

14 671 15 676 ,
125 611 368 692 suooumhontos,
391 609 425 677 in
445 608 565 676 delieiia
588 607 767 686 hahuisso¹;
790 606 903 693 quihus
924 622 975 672 eos
997 602 1078 673 alias
1098 602 1228 688 puellas,
1249 602 1276 670 si

128 731 182 798 por
203 711 367 780 materiam
390 709 508 795 lioorot,
528 708 727 796 aliquatenus
748 709 938 793 adaequasse
958 704 1135 791 appositum
1150 704 1192 770 ad
1209 722 1278 788 por·

127 813 304 880 suasionem
325 813 381 880 est
424 811 534 898 ltaque
555 809 722 895 Vergilius,
756 812 794 877 nt
820 808 928 894 quiin
953 807 1052 874 liidus
1073 805 1277 890 deseriptione

127 913 295 999 diligenter
326 910 606 980 Alexandrinorum
630 911 764 996 uestigia
785 909 898 996 legerit
909 911 936 990 ²,
969 907 1103 974 Elissam
1134 907 1277 974 renatieo
1350 986 1354 994 .
1471 915 1472 946 ¹

130 1015 245 1083 ornatu
266 1013 412 1081 indutam
433 1011 681 1099 progredientem
703 1010 840 1080 ostendit
862 1008 953 1094 (hen.
977 1008 1033 1091 Ν,
1057 1009 1118 1076 136
1139 1006 1201 1094 sq.)
1216 1027 1276 1074 non

128 1116 258 1184 fortuito
290 1115 330 1183 sd
363 1115 510 1183 renatum
541 1132 711 1194 reeurreus,
745 1129 891 1198 quorem
914 1111 1092 1181 aderitum
1114 1109 1277 1196 pardnoaiq

127 1217 160 1284 ot
176 1215 331 1284 Ouidiana
353 1214 497 1284 Phaedra
520 1214 704 1283 Atalantam
726 1213 811 1282 haud
833 1216 948 1282 temere
967 1211 1100 1282 laudans
1121 1209 1212 1294 (Her.
1222 1209 1275 1290 IV,

128 1319 184 1397 99)
206 1316 311 1384 iuueni
333 1317 366 1384 in
387 1314 476 1384 silris
498 1315 634 1382 moranti
652 1315 792 1383 affirmat
812 1334 842 1382 u.
866 1316 926 1384 103
947 1333 1009 1400 sq:

278 1416 349 1502 lpoa
367 1435 469 1484 eomes
489 1415 623 1495 ueniam,
646 1433 701 1484 nee
722 1435 772 1484 me
791 1415 949 1483 salebrosa
970 1413 1140 1482 movebunt

328 1537 412 1598 sana,
434 1535 490 1584 noo
511 1516 638 1602 obliquo
661 1517 753 1586 dente
774 1516 932 1585 timendus
952 1535 1034 1602 aper.

130 1618 356 1688 Alexandrinos
378 1617 477 1702 igitur
497 1617 606 1703 quidni
630 1621 808 1688 statuamus
831 1618 973 1687 Cressam
992 1615 1129 1703 puellam
1151 1633 1185 1683 re
1206 1632 1276 1683 rora

129 1722 325 1789 Amazonum
357 1719 466 1789 habitu
501 1739 555 1806 por
587 1719 683 1790 siluas
714 1721 891 1789 oursantem
912 1722 945 1788 et
965 1719 1148 1790 volitantem
1171 1715 1276 1803 depin-

129 1823 249 1891 xissei⁸
284 1832 320 1871 -’-
354 1821 479 1890 Amoris
509 1821 781 1908 pmodioauonom,
813 1820 901 1908 puori
923 1819 1032 1889 lesoiri
1053 1817 1275 1904 immodieoque

131 1923 323 2001 baoehantis,
346 1920 385 1992 iis
406 1922 490 1992 ultro
505 1923 665 2004 eonoedes3
688 1923 748 1992 uisi
762 1942 902 2011 perverse
915 1921 1012 1992 sumis
1024 1925 1146 2009 poetam
1161 1921 1276 1988 Roma-

129 2046 204 2094 num
220 2025 253 2095 in
276 2027 369 2096 ohoro
384 2045 413 2094 r.
428 2027 489 2095 274
505 2047 550 2114 sq.
566 2026 692 2096 deorum
714 2027 903 2113 hamumque
924 2026 1007 2094 ritas
1028 2024 1276 2111 perlustrantem,
1367 2060 1371 2069 ·

114 2141 190 2217 'quo
217 2127 379 2216 cuspidinis
408 2130 532 2217 parsuli
570 2130 672 2217 gloria
704 2130 849 2217 famaque
880 2127 1103 2217 penetraverit,
1140 2123 1274 2211 exempla
1378 2213 1381 2218 Ι

128 2232 237 2317 utiquo
258 2251 293 2300 ex
314 2252 388 2301 suae
418 2232 579 2301 doetrinae
608 2235 762 2319 apparatu
789 2234 964 2318 protulisse.
1006 2228 1163 2316 Apollinis
1195 2227 1274 2294 enim

130 2332 301 2417 exemplum
334 2352 440 2402 amoro
470 2334 657 2403 inflammati
689 2338 832 2404 armenta
857 2333 984 2402 Admeti
1020 2329 1185 2419 p‘asoontis,
1216 2347 1275 2415 quo

129 2433 221 2502 modo
250 2435 343 2519 primi
367 2435 567 2504 Alexandrini
598 2436 738 2505 tabulam
759 2436 1023 2521 exornaverunt⁴,
1056 2434 1083 2501 si
1110 2432 1164 2520 qui
1190 2429 1276 2518 parri

128 2535 278 2622 pendunt,
310 2555 383 2605 uum
404 2537 485 2606 iorte
505 2538 550 2606 eis
571 2540 662 2624 poeta
683 2538 758 2607 item
781 2537 864 2606 eirea
885 2539 978 2606 rilem
1001 2536 1206 2623 patulumque
1227 2552 1276 2601 or·

127 2638 197 2704 hom
227 2639 343 2705 versari
370 2638 504 2720 uidetur,
536 2641 563 2708 si
596 2643 705 2708 namot
735 2641 841 2709 Iovem
863 2637 961 2708 hovis'
979 2640 1111 2708 formam
1133 2635 1275 2704 indutum

127 2741 159 2806 et
180 2739 340 2825 Europam
370 2759 424 2828 per
456 2761 542 2810 mare
571 2742 764 2811 auferentem
787 2742 906 2830 ungula
927 2742 1028 2810 lentos
1049 2757 1151 2808 remos
1172 2737 1277 2805 imila-

235 2959 439 3033 ¹CiDilthey
459 2964 478 3021 l.
498 2963 627 3036 upee.
649 2966 673 3020 1.
709 2962 845 3021 Rohdel.
864 2963 883 3020 1.
901 2980 928 3036 p.
950 2963 1000 3019 148
1017 2961 1081 3019 sdn.
1165 2999 1167 3004 -

233 3050 338 3107 ¹Dido
356 3068 451 3109 amore
470 3052 593 3125 flagrans
611 3053 648 3110 eh
668 3054 745 3110 omni
772 3053 857 3110 solita
878 3053 1061 3125 oeenpstione
1083 3051 1216 3125 expedita
1235 3056 1278 3108 est

129 3137 211 3207 (Aen.
224 3137 271 3209 IV,
290 3141 325 3195 86
337 3139 401 3212 sq),
421 3138 517 3197 furens
536 3146 599 3197 tots
616 3141 686 3199 urbe
704 3147 827 3215 vagetur
837 3143 874 3211 (v.
888 3142 924 3198 68
934 3139 996 3213 sq),
1009 3142 1150 3198 iurantem
1162 3140 1279 3197 delubra

49 3269 51 3275 a
128 3227 200 3282 nihil
219 3226 318 3284 iuvant
336 3229 372 3298 (r.
389 3232 425 3286 dd
443 3246 484 3300 sq.
503 3231 537 3284 65
556 3248 611 3301 sq.;
630 3230 666 3287 oi.
685 3230 747 3288 Son.
764 3230 868 3288 Phseu.
890 3231 961 3302 lot),
984 3231 1041 3287 iam
1058 3235 1185 3287 ornatum
1202 3231 1278 3286 iove·
1308 3293 1310 3298 ,

127 3332 192 3371 nem
210 3314 314 3372 blando
334 3317 458 3389 alloquio
476 3319 608 3390 prosequi
627 3319 736 3391 insipit,
754 3319 802 3376 sed
815 3337 870 3377 vox
882 3317 979 3377 deiieit
992 3314 1029 3392 (ν’.
1042 3318 1095 3391 76).
1108 3348 1142 3361 -
1153 3318 1278 3389 Quorum

126 3405 261 3461 nonnulla
279 3405 436 3463 Phaedram
458 3407 488 3463 in
506 3409 669 3465 memoriam
688 3413 830 3467 rerooant.
868 3410 1003 3481 hiim-ut
1023 3409 1127 3479 uultus,
1153 3407 1278 3479 eorporis

126 3493 227 3565 dorma,
256 3511 310 3550 vox
329 3495 415 3551 amati
440 3495 496 3552 uiri
516 3497 626 3567 puellae
649 3496 735 3553 infixa
752 3497 869 3564 haerens
891 3495 930 3570 (v.
948 3500 974 3554 4.
992 3497 1046 3567 831,
1070 3497 1145 3570 apud
1163 3495 1277 3568 Apollo·

21 3657 24 3667 .
98 3591 101 3598 ’
128 3582 207 3638 nium
226 3581 367 3639 Rhodium
387 3583 466 3656 (Arg.
486 3584 537 3649 111,
557 3587 610 3642 453
629 3584 682 3657 sq.)
699 3585 892 3657 reperientem
911 3604 928 3642 a
946 3586 1025 3643 ouius
1044 3585 1129 3642 lertio
1147 3584 1230 3653 libre,
1246 3583 1277 3639 in

126 3688 184 3742 quo
205 3675 347 3728 amantem
365 3671 494 3729 Medeam
514 3678 620 3738 cantat,
648 3680 740 3731 totum
760 3674 835 3733 huno
858 3679 991 3746 quartum
1009 3675 1149 3731 Aeneidos
1172 3673 1276 3730 librum

125 3760 298 3832 descriptum
316 3779 375 3818 esse
393 3761 504 3819 Servius
522 3763 617 3837 (Verq.
636 3764 773 3836 Asn.1V‚
792 3764 819 3837 1)
835 3764 1009 3822 subabsurde
1028 3763 1160 3821 adfirmat.

227 3850 239 3884 ⁸
259 3850 374 3910 Piotura
391 3851 563 3925 Pompeiana
583 3853 665 3912 Helb.
683 3872 728 3913 no.
747 3854 800 3912 258
818 3855 969 3927 uniouique
987 3853 1018 3910 in
1034 3857 1155 3910 montem
1174 3851 1276 3922 veniet,

126 3940 156 3996 in
176 3941 255 3999 onius
280 3941 515 4014 interpretatione
537 3943 592 4000 viri
616 3944 693 4001 dooti
718 3961 890 4018 magnopore
916 3941 1096 4000 sudaverunt
1133 3941 1187 3999 Sed
1213 3957 1277 3998 oum

127 4028 295 4088 difficillimo
313 4031 383 4089 hese
401 4033 529 4104 quaestio
548 4033 678 4091 latiorem
693 4051 746 4105 pro
764 4034 891 4107 angust-is
910 4050 988 4090 mese
1004 4030 1203 4105 disputationis
1215 4028 1277 4088 fini·

127 4118 180 4174 hus
200 4137 331 4191 eampum
349 4121 486 4192 requirat,
504 4121 637 4180 iuditium
657 4139 751 4179 meum
769 4121 884 4178 interim
902 4121 1008 4178 sistam.

231 4206 304 4265 *cl
324 4207 485 4267 Callimaoh.
508 4208 582 4282 hym.
606 4210 635 4267 in
659 4211 754 4283 Apoll.
772 4211 817 4266 49.
852 4209 954 4268 Rhisn.
972 4208 1063 4266 Sohol·
1081 4207 1151 4266 Eur.
1168 4207 1275 4264 Alos.
1340 4242 1344 4250 ‚
1375 4204 1383 4219 ‘

125 4295 230 4355 ‘l'ihnll
241 4297 277 4363 11,
296 4299 321 4356 d.
338 4300 368 4354 11
382 4316 436 4371 sq.;
453 4297 504 4367 111,
523 4301 550 4356 4.
563 4301 652 4373 disq.
684 4299 735 4359 Os.
747 4299 807 4358 Her
818 4299 852 4372 V,
872 4299 991 4373 ltlsq·;
1007 4297 1077 4358 Met.
1094 4295 1132 4374 11,
1151 4298 1205 4356 680
1221 4311 1275 4369 sq.;

126 4389 190 4445 sss.
210 4390 275 4446 Am.
293 4387 329 4462 11,
348 4390 402 4447 289
421 4407 463 4463 sq.
515 4405 521 4417 ·
