2974 5030
760 321 812 377 112
913 323 915 329 ⁸

211 491 381 559 transitum
406 491 467 558 sibi
488 493 580 577 parat
601 491 640 559 sd
663 511 771 559 rorum
797 491 901 577 ignem
929 493 1138 578 aperiendum.
1166 531 1207 544 -
1241 496 1359 564 Deinde
1416 489 1420 512 ““
1462 528 1469 534 ·

210 592 336 680 quidem
347 593 473 679 Apuleii
494 593 601 662 fabula
619 593 775 680 propriam
796 593 879 661 riam
903 590 1093 680 ingreditur;
1117 617 1188 664 nam
1204 597 1359 666 sidisces·

209 694 287 762 seris
316 693 358 762 ab
385 695 519 763 externis
548 694 760 764 lineamentis:
799 696 922 781 repulsa
954 715 1104 766 novercae
1134 698 1205 766 odio
1238 700 1359 768 celum·

209 795 341 883 niisque,
373 815 454 882 quae
480 800 663 866 conservata
693 799 776 879 sunt,
810 799 967 884 ceteroqui
993 799 1220 887 transfigurata
1249 802 1357 869 estin

209 919 314 968 rernm
336 899 500 966 historiam
521 899 700 967 iudicialem
722 918 760 966 ac
781 899 942 967 sorensem.

308 1001 424 1067 Verum
446 1000 505 1066 boe
524 1019 594 1067 men
615 999 784 1085 plurimum
807 1000 919 1067 refert:
941 1001 974 1066 in
988 1001 1112 1086 Apuloii
1136 1001 1243 1069 rabula
1260 1022 1357 1088 argu
1434 1021 1456 1060 ἰ

208 1101 305 1170 menti
327 1121 492 1184 summam,
514 1120 578 1186 qna
599 1100 654 1168 illa
669 1101 829 1168 Romanae
843 1101 1023 1187 tragoediae
1036 1121 1147 1170 scaena
1170 1104 1372 1184 continetur,¹

207 1203 452 1288 recognovimus,
476 1205 521 1289 ut,
543 1205 691 1288 quoniam
702 1203 740 1270 de
752 1201 871 1270 Graeca
882 1204 1007 1271 fabulae
1018 1205 1138 1289 origine
1149 1203 1286 1272 dubitari
1303 1223 1356 1272 no-

208 1305 286 1392 quil,
319 1305 382 1374 iam
405 1323 485 1373 noro
509 1307 695 1390 argumento
717 1305 888 1390 colligatur
909 1305 1087 1391 Euripidem
1111 1306 1191 1374 benc
1213 1326 1355 1375 secernam

205 1407 369 1475 invenisse
401 1407 459 1475 (lui
478 1397 597 1474 iudicio
618 1425 679 1472 nou
701 1406 801 1482 rideo,
823 1407 898 1492 quid
920 1409 1031 1474 melius
1052 1427 1230 1477 succurrere
1249 1409 1356 1495 possit,

205 1526 312 1598 quam·
332 1507 429 1591 ipsius
457 1507 582 1590 Apuleii
616 1507 710 1574 verbo
739 1507 864 1573 fabulae
900 1509 1053 1590 praefixe:
1094 1509 1194 1577 ‘lem
1227 1510 1357 1576 lector

206 1608 362 1692 optime,
390 1607 490 1674 scito
514 1609 552 1674 te
578 1607 837 1692 tragoediam,
871 1626 942 1674 non
971 1607 1140 1676 fabulam
1163 1610 1293 1696 legero
1316 1612 1355 1676 ot

204 1727 224 1775 a
254 1728 366 1777 socco
398 1708 446 1778 ad
479 1708 710 1777 cothurnum
743 1699 984 1777 ascendere'.
1028 1710 1110 1794 Quid
1143 1712 1266 1780 multe?
1308 1714 1355 1780 Do

205 1813 298 1878 buius
327 1812 475 1895 prooemii
500 1810 633 1896 pondere
659 1831 715 1878 noe
744 1831 805 1878 non
832 1831 921 1896 posse
945 1814 1021 1896 pute
1043 1813 1209 1896 ambigere,
1242 1813 1355 1897 quippe

200 1913 288 2001 ,quod
302 1913 518 1982 Madaurensis
532 1915 615 1982 certe
630 1931 690 1980 uun
705 1911 743 1980 de
756 1931 813 1980 suro
827 1912 953 1998 ingenio
976 1913 1025 1982 vel
1040 1913 1182 1980 doctrina
1196 1912 1355 1999 adiecerit,

205 2037 276 2086 cnm
302 2020 334 2086 ot
354 2018 423 2086 tolo
453 2015 613 2084 actionum
633 2015 807 2101 implicatio
830 2015 938 2084 fabula
960 2015 1137 2085 romanensi
1160 2017 1209 2083 rel
1231 2015 1354 2082 blilesia

203 2121 389 2206 dignissima
409 2139 464 2204 pro
477 2119 652 2204 tragoedia,
673 2139 767 2204 quiam
790 2137 827 2187 ne
842 2118 938 2186 dictio
962 2119 1086 2205 quidem
1109 2119 1237 2201 redolet,
1261 2118 1368 2186 nimis.

203 2225 367 2293 vehemens
393 2223 436 2290 sit
466 2224 498 2290 ct
528 2222 629 2290 altera
662 2220 787 2289 tabulae
816 2240 889 2307 pers
919 2221 1077 2307 tragicum
1110 2221 1243 2289 colorem
1276 2221 1353 2289 adeo

203 2326 353 2406 amiserit,
374 2328 412 2392 ut
432 2325 527 2393 etiam
550 2324 681 2392 nutricia
695 2325 798 2410 partes
818 2323 964 2409 demptae
978 2324 1051 2406 sint,
1072 2324 1172 2392 altera
1185 2323 1353 2392 maximam

202 2433 324 2516 partem
346 2428 380 2496 in
404 2428 528 2495 iudiciis
554 2447 592 2495 nc
619 2427 686 2494 loro
718 2429 843 2512 agatur.
886 2426 1037 2494 Attamen
1066 2427 1136 2495 tcta
1168 2426 1283 2495 labella
1318 2446 1353 2494 ex
1400 2450 1402 2456 ·

202 2552 266 2600 nne
286 2531 454 2617 eademque
469 2528 588 2598 Graeca
608 2528 734 2598 officina
756 2529 882 2615 prodiit,
905 2527 993 2596 cuius
1008 2526 1053 2596 rei
1068 2528 1230 2597 Heliodori
1245 2522 1360 2597 fabula

202 2635 241 2704 de
262 2633 417 2702 Gnemone
437 2633 544 2713 (Aetb.
566 2633 593 2714 l,
615 2633 636 2700 9
656 2633 729 2716 su),
752 2650 846 2716 quam
869 2650 962 2716 supra
984 2631 1047 2699 iam
1068 2631 1161 2718 tetigi
1183 2632 1351 2700 aestatim

201 2736 410 2823 pertractabo,
442 2734 520 2802 satis
548 2736 656 2820 aperto
686 2733 803 2801 indicio
837 2735 885 2801 est
913 2735 1021 2819 utpote
1052 2735 1093 2802 nb
1124 2735 1230 2802 eodem
1263 2733 1350 2801 simi-

200 2839 264 2906 lire
284 2840 452 2924 archetypo
473 2837 618 2922 pendens.
661 2837 773 2921 ltaque
801 2854 862 2902 non
890 2835 1011 2915 dubito,
1045 2835 1120 2919 quin
1143 2836 1192 2904 illi
1217 2835 1352 2921 fabulae,
1434 2854 1436 2861 ·

202 2959 282 3026 quae
311 2938 488 3024 antiquitus
518 2957 634 3024 magne
667 2957 702 3005 ex
734 2939 823 3022 parte
854 2935 895 3004 ad
922 2935 1087 3028 Hippolyti
1116 2936 1220 3004 Veluti
1250 2954 1352 3004 erem·

200 3041 270 3126 pler
290 3041 424 3108 conficto
451 3061 471 3108 n
496 3040 592 3108 variis
620 3039 765 3108 manibus
796 3037 1023 3122 transfigurata
1045 3039 1100 3118 est,
1133 3037 1231 3104 donec
1260 3037 1350 3119 banc,

201 3163 298 3228 quam
325 3145 475 3224 tenemus,
507 3141 640 3208 sormam
670 3139 784 3221 induit,
820 3139 894 3208 olim
926 3141 964 3209 ut
993 3138 1027 3204 in
1049 3139 1212 3206 Parthenii
1242 3155 1368 3206 narra··

199 3244 338 3311 tionibus
364 3242 558 3328 adscriptum
587 3241 696 3309 luerit:
728 3235 855 3327 ἱστορεῖ
875 3231 1059 3326 Εὐριπίδης
1085 3241 1141 3306 aut
1170 3239 1235 3308 tole
1255 3239 1351 3323 qnid;
1412 3233 1418 3239 ’

200 3362 282 3428 quae
303 3345 465 3428 inscriptio
494 3363 567 3412 casu
593 3344 627 3410 in
652 3362 714 3411 uno
740 3345 880 3411 alterore
911 3341 1048 3427 exemplo
1081 3360 1178 3426 usque
1198 3341 1240 3409 ad
1262 3341 1351 3426 Apu·

200 3445 255 3514 leii
286 3448 428 3530 tempore
459 3444 586 3512 durrnrit
594 3448 615 3512 ¹.
661 3444 769 3530 Neque
797 3443 899 3530 igitur
927 3442 967 3512 ad
1000 3442 1172 3509 extremum
1201 3441 1234 3508 id
1260 3442 1349 3526 parri

199 3548 443 3628 aestimandum,
479 3547 563 3632 quod
596 3546 747 3632 Apuleius
783 3543 823 3632 (c.
854 3545 897 3630 V)
936 3545 1051 3613 narrat
1079 3562 1244 3612 novercam
1278 3561 1351 3628 pro.

199 3650 307 3717 bosam
339 3649 593 3716 sollicitationem
627 3649 793 3715 mentitam
820 3647 904 3714 ultro
931 3646 1054 3714 linxisse
1082 3645 1263 3731 privignum
1289 3644 1371 3712 eibi·

200 3752 241 3819 ob
272 3751 430 3820 detectum
457 3750 613 3836 flagitium
647 3749 755 3836 gladio
786 3748 1013 3816 comminatum
1046 3766 1121 3827 esso,
1152 3743 1350 3830 quandoqui-

199 3851 270 3921 dem
302 3852 496 3921 consimilem
529 3852 663 3922 Senecae
695 3850 876 3920 liotionem¹
907 3847 1050 3936 Euripidi
1083 3848 1215 3917 forano
1246 3846 1349 3914 vindi·

300 4121 311 4155 ¹
328 4121 483 4193 Apuleium
500 4120 589 4192 ipsam
608 4120 729 4178 Senecae
748 4119 874 4177 tabulam
892 4121 958 4175 ante
982 4117 1078 4175 oculos
1102 4111 1241 4184 habuisse,
1265 4109 1290 4167 ri
1307 4127 1350 4181 ea,

199 4225 274 4280 qaue
289 4226 376 4281 snpra
392 4208 518 4281 exposui,
533 4209 684 4282 reputaris,
701 4226 758 4266 nen
776 4207 897 4278 emplius
916 4204 1080 4262 affirmabis.
1096 4241 1097 4246 κ

300 4296 436 4354 'Senem
462 4296 560 4353 differt
585 4315 618 4354 eo
645 4301 768 4364 tantum,
796 4293 872 4365 qnod
894 4292 1066 4364 Hippolytus
1093 4290 1190 4364 gladio
1216 4288 1348 4360 pudicam

199 4384 335 4442 renim
353 4385 461 4442 dicitnr
477 4401 506 4442 r.
522 4386 584 4442 ⁷28.
602 4385 665 4441 bul.
1259 4390 1265 4400 ⁸
