<?xml version="1.0" encoding="UTF-8"?>
<!DOCTYPE html PUBLIC "-//W3C//DTD XHTML 1.0 Transitional//EN"
    "http://www.w3.org/TR/xhtml1/DTD/xhtml1-transitional.dtd">
<html xmlns="http://www.w3.org/1999/xhtml" xml:lang="en" lang="en">
 <head>
  <title>
</title>
<meta http-equiv="Content-Type" content="text/html;charset=utf-8" />
  <meta name='ocr-system' content='tesseract 3.04.00' />
  <meta name='ocr-capabilities' content='ocr_page ocr_carea ocr_par ocr_line ocrx_word'/>
</head>
<body>
  <div class='ocr_page' id='page_1' title='image "./dehippolytiseur01kalkgoog_0120.png"; bbox 0 0 2974 5030; ppageno 0'>
   <div class='ocr_carea' id='block_1_1' title="bbox 770 315 822 369">
    <p class='ocr_par' dir='ltr' id='par_1_1' title="bbox 770 315 822 369">
     <span class='ocr_line' id='line_1_1' title="bbox 770 315 822 369; baseline 0 0"><span class='ocrx_word' id='word_1_1' title='bbox 770 315 822 369; x_wconf 86' lang='lat'>108</span> 
     </span>
    </p>
   </div>
   <div class='ocr_carea' id='block_1_2' title="bbox 117 483 1448 2986">
    <p class='ocr_par' dir='ltr' id='par_1_2' title="bbox 117 483 1448 2986">
     <span class='ocr_line' id='line_1_2' title="bbox 223 483 1369 574; baseline -0.003 -20"><span class='ocrx_word' id='word_1_2' title='bbox 223 489 346 574; x_wconf 82' lang='lat' dir='ltr'>poetam</span> <span class='ocrx_word' id='word_1_3' title='bbox 382 489 557 555; x_wconf 74' lang='lat' dir='ltr'>Rornanm</span> <span class='ocrx_word' id='word_1_4' title='bbox 590 488 684 571; x_wconf 79' lang='lat' dir='ltr'>longe</span> <span class='ocrx_word' id='word_1_5' title='bbox 711 486 836 572; x_wconf 83' lang='lat' dir='ltr'>iateque</span> <span class='ocrx_word' id='word_1_6' title='bbox 864 486 1011 554; x_wconf 78' lang='lat' dir='ltr'>diffusum</span> <span class='ocrx_word' id='word_1_7' title='bbox 1042 505 1124 553; x_wconf 92' lang='lat' dir='ltr'>nuno</span> <span class='ocrx_word' id='word_1_8' title='bbox 1153 483 1271 552; x_wconf 89' lang='lat' dir='ltr'>delibo:</span> <span class='ocrx_word' id='word_1_9' title='bbox 1301 503 1369 552; x_wconf 91' lang='lat' dir='ltr'>earu</span> 
     </span>
     <span class='ocr_line' id='line_1_3' title="bbox 181 572 1435 673; baseline -0.002 -21"><span class='ocrx_word' id='word_1_10' title='bbox 181 572 212 652; x_wconf 61' lang='lat' dir='ltr'>el</span> <span class='ocrx_word' id='word_1_11' title='bbox 222 590 394 669; x_wconf 79' lang='lat' dir='ltr'>rationein,</span> <span class='ocrx_word' id='word_1_12' title='bbox 427 607 490 673; x_wconf 88' lang='lat' dir='ltr'>qua</span> <span class='ocrx_word' id='word_1_13' title='bbox 521 588 642 671; x_wconf 86' lang='lat' dir='ltr'>puellae</span> <span class='ocrx_word' id='word_1_14' title='bbox 669 587 788 672; x_wconf 89' lang='lat' dir='ltr'>perdite</span> <span class='ocrx_word' id='word_1_15' title='bbox 809 589 951 655; x_wconf 87' lang='lat' dir='ltr'>amantes</span> <span class='ocrx_word' id='word_1_16' title='bbox 971 587 1003 652; x_wconf 91' lang='lat' dir='ltr'>in</span> <span class='ocrx_word' id='word_1_17' title='bbox 1026 585 1195 654; x_wconf 77' lang='lat' dir='ltr'><strong>solitudine</strong></span> <span class='ocrx_word' id='word_1_18' title='bbox 1217 586 1254 652; x_wconf 90' lang='lat' dir='ltr'>de</span> <span class='ocrx_word' id='word_1_19' title='bbox 1275 584 1372 651; x_wconf 88' lang='lat' dir='ltr'>variis</span> <span class='ocrx_word' id='word_1_20' title='bbox 1430 617 1435 625; x_wconf 94' lang='lat'>·</span> 
     </span>
     <span class='ocr_line' id='line_1_4' title="bbox 224 685 1371 774; baseline -0.003 -18"><span class='ocrx_word' id='word_1_21' title='bbox 224 688 363 756; x_wconf 91' lang='lat' dir='ltr'>oonsiliis</span> <span class='ocrx_word' id='word_1_22' title='bbox 383 707 486 756; x_wconf 87' lang='lat' dir='ltr'>seeum</span> <span class='ocrx_word' id='word_1_23' title='bbox 507 689 668 773; x_wconf 83' lang='lat' dir='ltr'>loquentes</span> <span class='ocrx_word' id='word_1_24' title='bbox 690 689 722 756; x_wconf 88' lang='lat' dir='ltr'>et</span> <span class='ocrx_word' id='word_1_25' title='bbox 743 687 857 755; x_wconf 81' lang='lat' dir='ltr'>vividis</span> <span class='ocrx_word' id='word_1_26' title='bbox 878 686 1178 774; x_wconf 77' lang='lat' dir='ltr'>interrogationibus</span> <span class='ocrx_word' id='word_1_27' title='bbox 1199 685 1371 754; x_wconf 89' lang='lat' dir='ltr'>iuterieotis</span> 
     </span>
     <span class='ocr_line' id='line_1_5' title="bbox 220 787 1371 875; baseline -0.003 -20"><span class='ocrx_word' id='word_1_28' title='bbox 220 791 407 875; x_wconf 70' lang='lat' dir='ltr'>ugumeuta</span> <span class='ocrx_word' id='word_1_29' title='bbox 433 808 505 856; x_wconf 87' lang='lat' dir='ltr'>oum</span> <span class='ocrx_word' id='word_1_30' title='bbox 521 789 721 874; x_wconf 74' lang='lat' dir='ltr'>‘argumentis</span> <span class='ocrx_word' id='word_1_31' title='bbox 742 789 909 873; x_wconf 83' lang='lat' dir='ltr'>diligenter</span> <span class='ocrx_word' id='word_1_32' title='bbox 931 790 1148 874; x_wconf 78' lang='lat' dir='ltr'><strong>comparantes</strong></span> <span class='ocrx_word' id='word_1_33' title='bbox 1170 787 1371 871; x_wconf 79' lang='lat' dir='ltr'>inducuntur,</span> 
     </span>
     <span class='ocr_line' id='line_1_6' title="bbox 220 886 1371 974; baseline -0.003 -20"><span class='ocrx_word' id='word_1_34' title='bbox 220 891 257 955; x_wconf 91' lang='lat' dir='ltr'>ut</span> <span class='ocrx_word' id='word_1_35' title='bbox 278 889 434 973; x_wconf 73' lang='lat' dir='ltr'>Euripidis</span> <span class='ocrx_word' id='word_1_36' title='bbox 456 889 596 974; x_wconf 72' lang='grc' dir='ltr'><em>ῥημάτια</em></span> <span class='ocrx_word' id='word_1_37' title='bbox 616 887 762 954; x_wconf 70' lang='lat' dir='ltr'>duserensi</span> <span class='ocrx_word' id='word_1_38' title='bbox 781 889 892 954; x_wconf 89' lang='lat' dir='ltr'>statim</span> <span class='ocrx_word' id='word_1_39' title='bbox 922 888 1019 955; x_wconf 89' lang='lat' dir='ltr'>menti</span> <span class='ocrx_word' id='word_1_40' title='bbox 1048 889 1223 954; x_wconf 89' lang='lat' dir='ltr'>ooourrant.</span> <span class='ocrx_word' id='word_1_41' title='bbox 1267 886 1371 954; x_wconf 86' lang='lat' dir='ltr'>Simili</span> 
     </span>
     <span class='ocr_line' id='line_1_7' title="bbox 220 987 1448 1072; baseline -0.002 -18"><span class='ocrx_word' id='word_1_42' title='bbox 220 989 339 1055; x_wconf 85' lang='lat' dir='ltr'>seilicet</span> <span class='ocrx_word' id='word_1_43' title='bbox 363 988 606 1072; x_wconf 88' lang='lat' dir='ltr'>amplihoationo</span> <span class='ocrx_word' id='word_1_44' title='bbox 628 989 690 1054; x_wconf 91' lang='lat' dir='ltr'>iam</span> <span class='ocrx_word' id='word_1_45' title='bbox 713 987 939 1054; x_wconf 84' lang='lat' dir='ltr'>Alexandrinos</span> <span class='ocrx_word' id='word_1_46' title='bbox 969 990 1075 1072; x_wconf 90' lang='lat' dir='ltr'>poetas</span> <span class='ocrx_word' id='word_1_47' title='bbox 1104 988 1275 1054; x_wconf 79' lang='lat' dir='ltr'>delectatos</span> <span class='ocrx_word' id='word_1_48' title='bbox 1306 1003 1372 1052; x_wconf 87' lang='lat' dir='ltr'>esse</span> <span class='ocrx_word' id='word_1_49' title='bbox 1444 1001 1448 1007; x_wconf 83' lang='lat'><em>·</em></span> 
     </span>
     <span class='ocr_line' id='line_1_8' title="bbox 220 1085 1370 1171; baseline -0.002 -19"><span class='ocrx_word' id='word_1_50' title='bbox 220 1087 345 1152; x_wconf 86' lang='lat' dir='ltr'>Medeae</span> <span class='ocrx_word' id='word_1_51' title='bbox 375 1089 513 1154; x_wconf 87' lang='lat' dir='ltr'>amantis</span> <span class='ocrx_word' id='word_1_52' title='bbox 542 1087 718 1170; x_wconf 76' lang='lat' dir='ltr'>dosonptio,</span> <span class='ocrx_word' id='word_1_53' title='bbox 756 1105 851 1171; x_wconf 87' lang='lat' dir='ltr'>quam</span> <span class='ocrx_word' id='word_1_54' title='bbox 884 1087 1070 1171; x_wconf 82' lang='lat' dir='ltr'>Apollonius</span> <span class='ocrx_word' id='word_1_55' title='bbox 1103 1086 1244 1152; x_wconf 86' lang='lat' dir='ltr'>Rhodius</span> <span class='ocrx_word' id='word_1_56' title='bbox 1276 1085 1370 1152; x_wconf 90' lang='lat' dir='ltr'>tertio</span> 
     </span>
     <span class='ocr_line' id='line_1_9' title="bbox 219 1185 1372 1270; baseline -0.002 -19"><span class='ocrx_word' id='word_1_57' title='bbox 219 1186 505 1270; x_wconf 80' lang='lat' dir='ltr'>Argonautioorum</span> <span class='ocrx_word' id='word_1_58' title='bbox 536 1187 617 1254; x_wconf 92' lang='lat' dir='ltr'>libro</span> <span class='ocrx_word' id='word_1_59' title='bbox 653 1187 849 1270; x_wconf 80' lang='lat' dir='ltr'>interposuit,</span> <span class='ocrx_word' id='word_1_60' title='bbox 885 1187 1009 1254; x_wconf 77' lang='lat' dir='ltr'>evindt.</span> <span class='ocrx_word' id='word_1_61' title='bbox 1069 1186 1151 1253; x_wconf 87' lang='lat' dir='ltr'>Nam</span> <span class='ocrx_word' id='word_1_62' title='bbox 1185 1185 1372 1269; x_wconf 84' lang='lat' dir='ltr'>Apollonius</span> 
     </span>
     <span class='ocr_line' id='line_1_10' title="bbox 219 1285 1372 1372; baseline -0.002 -20"><span class='ocrx_word' id='word_1_63' title='bbox 219 1286 253 1352; x_wconf 93' lang='lat' dir='ltr'>in</span> <span class='ocrx_word' id='word_1_64' title='bbox 284 1285 360 1370; x_wconf 89' lang='lat' dir='ltr'>ipsis</span> <span class='ocrx_word' id='word_1_65' title='bbox 391 1287 489 1354; x_wconf 91' lang='lat' dir='ltr'>animi</span> <span class='ocrx_word' id='word_1_66' title='bbox 516 1305 621 1354; x_wconf 89' lang='lat' dir='ltr'>amore</span> <span class='ocrx_word' id='word_1_67' title='bbox 645 1287 810 1372; x_wconf 83' lang='lat' dir='ltr'>flagrantis</span> <span class='ocrx_word' id='word_1_68' title='bbox 837 1287 1002 1354; x_wconf 78' lang='lat' dir='ltr'>affectibus</span> <span class='ocrx_word' id='word_1_69' title='bbox 1038 1286 1241 1370; x_wconf 77' lang='lat' dir='ltr'>depingendis</span> <span class='ocrx_word' id='word_1_70' title='bbox 1271 1285 1372 1353; x_wconf 92' lang='lat' dir='ltr'>liben-</span> 
     </span>
     <span class='ocr_line' id='line_1_11' title="bbox 220 1385 1371 1470; baseline -0.001 -18"><span class='ocrx_word' id='word_1_71' title='bbox 220 1387 268 1452; x_wconf 92' lang='lat' dir='ltr'>ter</span> <span class='ocrx_word' id='word_1_72' title='bbox 299 1388 332 1454; x_wconf 95' lang='lat' dir='ltr'>et</span> <span class='ocrx_word' id='word_1_73' title='bbox 362 1405 418 1470; x_wconf 89' lang='lat' dir='ltr'>pro</span> <span class='ocrx_word' id='word_1_74' title='bbox 448 1388 539 1470; x_wconf 69' lang='lat' dir='ltr'>&#39;epioo</span> <span class='ocrx_word' id='word_1_75' title='bbox 575 1386 649 1453; x_wconf 90' lang='lat' dir='ltr'>stilo</span> <span class='ocrx_word' id='word_1_76' title='bbox 682 1386 859 1470; x_wconf 89' lang='lat' dir='ltr'>immitique</span> <span class='ocrx_word' id='word_1_77' title='bbox 892 1406 929 1454; x_wconf 91' lang='lat' dir='ltr'>ao</span> <span class='ocrx_word' id='word_1_78' title='bbox 963 1385 1058 1454; x_wconf 83' lang='lat' dir='ltr'>ierooi</span> <span class='ocrx_word' id='word_1_79' title='bbox 1093 1387 1191 1470; x_wconf 89' lang='lat' dir='ltr'>ipsius</span> <span class='ocrx_word' id='word_1_80' title='bbox 1224 1385 1371 1453; x_wconf 90' lang='lat' dir='ltr'>heroinae</span> 
     </span>
     <span class='ocr_line' id='line_1_12' title="bbox 221 1486 1445 1573; baseline 0 -21"><span class='ocrx_word' id='word_1_81' title='bbox 221 1489 335 1554; x_wconf 81' lang='lat' dir='ltr'>natiue</span> <span class='ocrx_word' id='word_1_82' title='bbox 362 1486 489 1554; x_wconf 90' lang='lat' dir='ltr'>liberius</span> <span class='ocrx_word' id='word_1_83' title='bbox 513 1489 676 1573; x_wconf 83' lang='lat' dir='ltr'>evagatur,</span> <span class='ocrx_word' id='word_1_84' title='bbox 712 1487 808 1554; x_wconf 91' lang='lat' dir='ltr'>utin</span> <span class='ocrx_word' id='word_1_85' title='bbox 842 1488 901 1554; x_wconf 89' lang='lat' dir='ltr'>huo</span> <span class='ocrx_word' id='word_1_86' title='bbox 928 1507 961 1555; x_wconf 88' lang='lat' dir='ltr'>re</span> <span class='ocrx_word' id='word_1_87' title='bbox 989 1488 1105 1569; x_wconf 88' lang='lat' dir='ltr'>studio,</span> <span class='ocrx_word' id='word_1_88' title='bbox 1138 1487 1251 1572; x_wconf 88' lang='lat' dir='ltr'>quibus</span> <span class='ocrx_word' id='word_1_89' title='bbox 1284 1488 1371 1554; x_wconf 90' lang='lat' dir='ltr'>aetas</span> <span class='ocrx_word' id='word_1_90' title='bbox 1443 1495 1445 1501; x_wconf 85' lang='lat'>&#39;</span> 
     </span>
     <span class='ocr_line' id='line_1_13' title="bbox 219 1588 1372 1674; baseline 0 -20"><span class='ocrx_word' id='word_1_91' title='bbox 219 1589 276 1654; x_wconf 85' lang='lat' dir='ltr'>iila</span> <span class='ocrx_word' id='word_1_92' title='bbox 297 1588 532 1673; x_wconf 82' lang='lat' dir='ltr'>obsequebatur,</span> <span class='ocrx_word' id='word_1_93' title='bbox 556 1590 735 1673; x_wconf 89' lang='lat' dir='ltr'>appareant.</span> <span class='ocrx_word' id='word_1_94' title='bbox 766 1625 802 1636; x_wconf 93' lang='lat'>-</span> <span class='ocrx_word' id='word_1_95' title='bbox 832 1589 941 1658; x_wconf 86' lang='lat' dir='ltr'>Medea</span> <span class='ocrx_word' id='word_1_96' title='bbox 968 1589 1076 1674; x_wconf 75' lang='lat' dir='ltr'>igitur,</span> <span class='ocrx_word' id='word_1_97' title='bbox 1108 1588 1159 1657; x_wconf 89' lang='lat' dir='ltr'>oui</span> <span class='ocrx_word' id='word_1_98' title='bbox 1187 1589 1293 1656; x_wconf 91' lang='lat' dir='ltr'>omnia</span> <span class='ocrx_word' id='word_1_99' title='bbox 1320 1607 1372 1654; x_wconf 89' lang='lat' dir='ltr'>so·</span> 
     </span>
     <span class='ocr_line' id='line_1_14' title="bbox 117 1688 1369 1776; baseline 0.001 -22"><span class='ocrx_word' id='word_1_100' title='bbox 117 1734 125 1746; x_wconf 85' lang='lat'><strong>.</strong></span> <span class='ocrx_word' id='word_1_101' title='bbox 218 1688 279 1755; x_wconf 84' lang='lat' dir='ltr'>lita</span> <span class='ocrx_word' id='word_1_102' title='bbox 304 1689 455 1772; x_wconf 86' lang='lat' dir='ltr'>serpentis</span> <span class='ocrx_word' id='word_1_103' title='bbox 480 1690 573 1775; x_wconf 82' lang='lat' dir='ltr'>ignis,</span> <span class='ocrx_word' id='word_1_104' title='bbox 605 1691 659 1774; x_wconf 80' lang='lat' dir='ltr'>quvi</span> <span class='ocrx_word' id='word_1_105' title='bbox 690 1691 817 1775; x_wconf 87' lang='lat' dir='ltr'>puerulo</span> <span class='ocrx_word' id='word_1_106' title='bbox 847 1690 896 1758; x_wconf 92' lang='lat' dir='ltr'>illi</span> <span class='ocrx_word' id='word_1_107' title='bbox 925 1692 1048 1758; x_wconf 89' lang='lat' dir='ltr'>versuto</span> <span class='ocrx_word' id='word_1_108' title='bbox 1077 1692 1252 1776; x_wconf 89' lang='lat' dir='ltr'>triumphos</span> <span class='ocrx_word' id='word_1_109' title='bbox 1284 1708 1369 1756; x_wconf 89' lang='lat' dir='ltr'>oom-</span> 
     </span>
     <span class='ocr_line' id='line_1_15' title="bbox 219 1789 1368 1876; baseline 0.001 -21"><span class='ocrx_word' id='word_1_110' title='bbox 219 1789 321 1873; x_wconf 87' lang='lat' dir='ltr'>perat,</span> <span class='ocrx_word' id='word_1_111' title='bbox 353 1789 444 1874; x_wconf 77' lang='lat' dir='ltr'>signa</span> <span class='ocrx_word' id='word_1_112' title='bbox 465 1791 582 1858; x_wconf 80' lang='lat' dir='ltr'>suffusa</span> <span class='ocrx_word' id='word_1_113' title='bbox 604 1793 679 1857; x_wconf 89' lang='lat' dir='ltr'>sunt</span> <span class='ocrx_word' id='word_1_114' title='bbox 700 1790 752 1875; x_wconf 86' lang='lat' dir='ltr'>(oi.</span> <span class='ocrx_word' id='word_1_115' title='bbox 776 1811 806 1858; x_wconf 91' lang='lat' dir='ltr'>v.</span> <span class='ocrx_word' id='word_1_116' title='bbox 832 1793 894 1858; x_wconf 78' lang='lat'>284</span> <span class='ocrx_word' id='word_1_117' title='bbox 915 1811 961 1876; x_wconf 88' lang='lat' dir='ltr'>sq.</span> <span class='ocrx_word' id='word_1_118' title='bbox 987 1794 1049 1859; x_wconf 84' lang='lat'>452</span> <span class='ocrx_word' id='word_1_119' title='bbox 1071 1789 1140 1876; x_wconf 73' lang='lat' dir='ltr'>sp),</span> <span class='ocrx_word' id='word_1_120' title='bbox 1176 1791 1244 1859; x_wconf 85' lang='lat' dir='ltr'>sola</span> <span class='ocrx_word' id='word_1_121' title='bbox 1265 1810 1368 1858; x_wconf 87' lang='lat' dir='ltr'>seeum</span> 
     </span>
     <span class='ocr_line' id='line_1_16' title="bbox 119 1888 1370 1977; baseline 0.002 -22"><span class='ocrx_word' id='word_1_122' title='bbox 119 1902 122 1907; x_wconf 82' lang='grc'>’</span> <span class='ocrx_word' id='word_1_123' title='bbox 219 1888 375 1956; x_wconf 83' lang='lat' dir='ltr'>eolloouta</span> <span class='ocrx_word' id='word_1_124' title='bbox 415 1890 568 1971; x_wconf 89' lang='lat' dir='ltr'>haesitat,</span> <span class='ocrx_word' id='word_1_125' title='bbox 616 1893 722 1960; x_wconf 90' lang='lat' dir='ltr'>utrum</span> <span class='ocrx_word' id='word_1_126' title='bbox 761 1895 866 1960; x_wconf 83' lang='lat' dir='ltr'>aurato</span> <span class='ocrx_word' id='word_1_127' title='bbox 909 1893 1024 1977; x_wconf 89' lang='lat' dir='ltr'>hospiti</span> <span class='ocrx_word' id='word_1_128' title='bbox 1065 1891 1171 1959; x_wconf 80' lang='lat' dir='ltr'>faveat</span> <span class='ocrx_word' id='word_1_129' title='bbox 1210 1911 1304 1958; x_wconf 88' lang='lat' dir='ltr'>neone</span> <span class='ocrx_word' id='word_1_130' title='bbox 1340 1911 1370 1960; x_wconf 85' lang='lat' dir='ltr'>u.</span> 
     </span>
     <span class='ocr_line' id='line_1_17' title="bbox 218 1991 1369 2079; baseline 0.005 -24"><span class='ocrx_word' id='word_1_131' title='bbox 218 1991 282 2055; x_wconf 76' lang='grc'>464</span> <span class='ocrx_word' id='word_1_132' title='bbox 297 1993 377 2074; x_wconf 87' lang='lat' dir='ltr'>sq.¹;</span> <span class='ocrx_word' id='word_1_133' title='bbox 398 1992 557 2059; x_wconf 86' lang='lat' dir='ltr'>oruoiatur</span> <span class='ocrx_word' id='word_1_134' title='bbox 577 1994 715 2077; x_wconf 91' lang='lat' dir='ltr'>somniis,</span> <span class='ocrx_word' id='word_1_135' title='bbox 736 1995 769 2060; x_wconf 89' lang='lat' dir='ltr'>in</span> <span class='ocrx_word' id='word_1_136' title='bbox 791 1995 904 2079; x_wconf 88' lang='lat' dir='ltr'>quibus</span> <span class='ocrx_word' id='word_1_137' title='bbox 926 1995 1067 2061; x_wconf 87' lang='lat' dir='ltr'>Iasonem</span> <span class='ocrx_word' id='word_1_138' title='bbox 1088 1994 1173 2060; x_wconf 84' lang='lat' dir='ltr'>videt</span> <span class='ocrx_word' id='word_1_139' title='bbox 1194 1995 1298 2061; x_wconf 73' lang='lat' dir='ltr'>udld</span> <span class='ocrx_word' id='word_1_140' title='bbox 1313 2013 1369 2079; x_wconf 71' lang='lat' dir='ltr'>sq,</span> 
     </span>
     <span class='ocr_line' id='line_1_18' title="bbox 218 2092 1374 2180; baseline 0.004 -24"><span class='ocrx_word' id='word_1_141' title='bbox 218 2094 394 2176; x_wconf 83' lang='lat' dir='ltr'>experrecta</span> <span class='ocrx_word' id='word_1_142' title='bbox 427 2092 527 2161; x_wconf 90' lang='lat' dir='ltr'>denuo</span> <span class='ocrx_word' id='word_1_143' title='bbox 557 2095 658 2161; x_wconf 88' lang='lat' dir='ltr'>multa</span> <span class='ocrx_word' id='word_1_144' title='bbox 683 2113 787 2162; x_wconf 88' lang='lat' dir='ltr'>seourn</span> <span class='ocrx_word' id='word_1_145' title='bbox 808 2095 876 2180; x_wconf 85' lang='lat' dir='ltr'>ipsa</span> <span class='ocrx_word' id='word_1_146' title='bbox 896 2094 1002 2164; x_wconf 85' lang='lat' dir='ltr'>loovvta</span> <span class='ocrx_word' id='word_1_147' title='bbox 1026 2114 1105 2162; x_wconf 87' lang='lat' dir='ltr'>novo</span> <span class='ocrx_word' id='word_1_148' title='bbox 1126 2095 1256 2162; x_wconf 92' lang='lat' dir='ltr'>oonsilia</span> <span class='ocrx_word' id='word_1_149' title='bbox 1278 2114 1374 2180; x_wconf 90' lang='lat' dir='ltr'>repu··</span> 
     </span>
     <span class='ocr_line' id='line_1_19' title="bbox 219 2193 1369 2282; baseline 0.003 -23"><span class='ocrx_word' id='word_1_150' title='bbox 219 2193 270 2259; x_wconf 85' lang='lat' dir='ltr'>tat</span> <span class='ocrx_word' id='word_1_151' title='bbox 291 2211 319 2258; x_wconf 83' lang='lat' dir='ltr'>u.</span> <span class='ocrx_word' id='word_1_152' title='bbox 341 2193 400 2258; x_wconf 81' lang='lat' dir='ltr'>oti</span> <span class='ocrx_word' id='word_1_153' title='bbox 425 2196 501 2278; x_wconf 84' lang='lat' dir='ltr'>sq.¹.</span> <span class='ocrx_word' id='word_1_154' title='bbox 543 2194 685 2279; x_wconf 86' lang='lat' dir='ltr'>Denique</span> <span class='ocrx_word' id='word_1_155' title='bbox 716 2196 817 2264; x_wconf 91' lang='lat' dir='ltr'>altera</span> <span class='ocrx_word' id='word_1_156' title='bbox 848 2198 938 2263; x_wconf 89' lang='lat' dir='ltr'>uoote</span> <span class='ocrx_word' id='word_1_157' title='bbox 971 2199 1057 2263; x_wconf 91' lang='lat' dir='ltr'>metu</span> <span class='ocrx_word' id='word_1_158' title='bbox 1090 2195 1240 2282; x_wconf 90' lang='lat' dir='ltr'>poroulsa,</span> <span class='ocrx_word' id='word_1_159' title='bbox 1270 2195 1369 2263; x_wconf 89' lang='lat' dir='ltr'>amati</span> 
     </span>
     <span class='ocr_line' id='line_1_20' title="bbox 219 2293 1370 2382; baseline 0.006 -25"><span class='ocrx_word' id='word_1_160' title='bbox 219 2293 343 2359; x_wconf 90' lang='lat' dir='ltr'>iuvenis</span> <span class='ocrx_word' id='word_1_161' title='bbox 364 2295 499 2362; x_wconf 80' lang='lat' dir='ltr'>marinna</span> <span class='ocrx_word' id='word_1_162' title='bbox 520 2296 658 2379; x_wconf 76' lang='lat' dir='ltr'>periculo</span> <span class='ocrx_word' id='word_1_163' title='bbox 684 2297 818 2364; x_wconf 89' lang='lat' dir='ltr'>subituri</span> <span class='ocrx_word' id='word_1_164' title='bbox 848 2297 1061 2365; x_wconf 81' lang='lat' dir='ltr'>recordatione</span> <span class='ocrx_word' id='word_1_165' title='bbox 1082 2316 1202 2382; x_wconf 91' lang='lat' dir='ltr'>semper</span> <span class='ocrx_word' id='word_1_166' title='bbox 1224 2299 1370 2364; x_wconf 85' lang='lat' dir='ltr'>revoosto</span> 
     </span>
     <span class='ocr_line' id='line_1_21' title="bbox 220 2394 1370 2485; baseline 0.006 -25"><span class='ocrx_word' id='word_1_167' title='bbox 220 2394 320 2461; x_wconf 90' lang='lat' dir='ltr'>somni</span> <span class='ocrx_word' id='word_1_168' title='bbox 343 2413 448 2480; x_wconf 83' lang='lat' dir='ltr'>expers</span> <span class='ocrx_word' id='word_1_169' title='bbox 469 2396 569 2464; x_wconf 88' lang='lat' dir='ltr'>multa</span> <span class='ocrx_word' id='word_1_170' title='bbox 592 2417 695 2465; x_wconf 84' lang='lat' dir='ltr'>seeum</span> <span class='ocrx_word' id='word_1_171' title='bbox 718 2399 818 2465; x_wconf 89' lang='lat' dir='ltr'>volvit</span> <span class='ocrx_word' id='word_1_172' title='bbox 839 2401 933 2484; x_wconf 86' lang='lat' dir='ltr'>atque</span> <span class='ocrx_word' id='word_1_173' title='bbox 955 2399 1066 2485; x_wconf 81' lang='lat' dir='ltr'>multa,</span> <span class='ocrx_word' id='word_1_174' title='bbox 1099 2417 1179 2482; x_wconf 87' lang='lat' dir='ltr'>quae</span> <span class='ocrx_word' id='word_1_175' title='bbox 1200 2398 1292 2465; x_wconf 87' lang='lat' dir='ltr'>ruodo</span> <span class='ocrx_word' id='word_1_176' title='bbox 1314 2416 1370 2481; x_wconf 56' lang='lat' dir='ltr'>ope</span> 
     </span>
     <span class='ocr_line' id='line_1_22' title="bbox 218 2496 1371 2584; baseline 0.001 -23"><span class='ocrx_word' id='word_1_177' title='bbox 218 2496 374 2579; x_wconf 85' lang='lat' dir='ltr'>probavit,</span> <span class='ocrx_word' id='word_1_178' title='bbox 409 2515 479 2562; x_wconf 83' lang='lat' dir='ltr'>mor</span> <span class='ocrx_word' id='word_1_179' title='bbox 511 2498 676 2584; x_wconf 88' lang='lat' dir='ltr'>repudians</span> <span class='ocrx_word' id='word_1_180' title='bbox 707 2499 816 2583; x_wconf 85' lang='lat' dir='ltr'>itaque</span> <span class='ocrx_word' id='word_1_181' title='bbox 847 2499 930 2565; x_wconf 90' lang='lat' dir='ltr'>inter</span> <span class='ocrx_word' id='word_1_182' title='bbox 955 2499 1043 2567; x_wconf 88' lang='lat' dir='ltr'>varia</span> <span class='ocrx_word' id='word_1_183' title='bbox 1065 2497 1194 2566; x_wconf 88' lang='lat' dir='ltr'>oonsilio</span> <span class='ocrx_word' id='word_1_184' title='bbox 1215 2497 1371 2563; x_wconf 83' lang='lat' dir='ltr'>fluctuans</span> 
     </span>
     <span class='ocr_line' id='line_1_23' title="bbox 219 2595 1370 2682; baseline 0.001 -20"><span class='ocrx_word' id='word_1_185' title='bbox 219 2615 250 2663; x_wconf 86' lang='lat' dir='ltr'>v.</span> <span class='ocrx_word' id='word_1_186' title='bbox 272 2595 332 2663; x_wconf 77' lang='lat'>741</span> <span class='ocrx_word' id='word_1_187' title='bbox 354 2615 400 2681; x_wconf 87' lang='lat' dir='ltr'>sq.</span> <span class='ocrx_word' id='word_1_188' title='bbox 435 2603 624 2682; x_wconf 88' lang='lat' dir='ltr'>postremum</span> <span class='ocrx_word' id='word_1_189' title='bbox 654 2599 759 2667; x_wconf 90' lang='lat' dir='ltr'>vivido</span> <span class='ocrx_word' id='word_1_190' title='bbox 786 2619 925 2668; x_wconf 88' lang='lat' dir='ltr'>sermone</span> <span class='ocrx_word' id='word_1_191' title='bbox 950 2600 1074 2667; x_wconf 86' lang='lat' dir='ltr'>interno</span> <span class='ocrx_word' id='word_1_192' title='bbox 1100 2598 1215 2667; x_wconf 89' lang='lat' dir='ltr'>orobris</span> <span class='ocrx_word' id='word_1_193' title='bbox 1236 2597 1370 2664; x_wconf 91' lang='lat' dir='ltr'>intorro-</span> 
     </span>
     <span class='ocr_line' id='line_1_24' title="bbox 218 2696 1370 2786; baseline 0.001 -23"><span class='ocrx_word' id='word_1_194' title='bbox 218 2696 398 2782; x_wconf 82' lang='lat' dir='ltr'>gationibus</span> <span class='ocrx_word' id='word_1_195' title='bbox 432 2699 603 2785; x_wconf 76' lang='lat' dir='ltr'>intercepto</span> <span class='ocrx_word' id='word_1_196' title='bbox 640 2699 764 2786; x_wconf 80' lang='lat' dir='ltr'>singula</span> <span class='ocrx_word' id='word_1_197' title='bbox 797 2702 984 2785; x_wconf 76' lang='lat' dir='ltr'>argvvmeuta</span> <span class='ocrx_word' id='word_1_198' title='bbox 1026 2699 1169 2784; x_wconf 83' lang='lat' dir='ltr'>expendit</span> <span class='ocrx_word' id='word_1_199' title='bbox 1203 2697 1370 2782; x_wconf 85' lang='lat' dir='ltr'>eorumque</span> 
     </span>
     <span class='ocr_line' id='line_1_25' title="bbox 218 2796 1368 2884; baseline 0 -21"><span class='ocrx_word' id='word_1_200' title='bbox 218 2796 354 2881; x_wconf 88' lang='lat' dir='ltr'>pondera</span> <span class='ocrx_word' id='word_1_201' title='bbox 375 2799 512 2864; x_wconf 78' lang='lat' dir='ltr'>avvdhois</span> <span class='ocrx_word' id='word_1_202' title='bbox 534 2801 650 2868; x_wconf 89' lang='lat' dir='ltr'>statera</span> <span class='ocrx_word' id='word_1_203' title='bbox 672 2801 839 2881; x_wconf 83' lang='lat' dir='ltr'>examinat,</span> <span class='ocrx_word' id='word_1_204' title='bbox 870 2801 966 2867; x_wconf 91' lang='lat' dir='ltr'>doueo</span> <span class='ocrx_word' id='word_1_205' title='bbox 987 2801 1048 2866; x_wconf 88' lang='lat' dir='ltr'>huo</span> <span class='ocrx_word' id='word_1_206' title='bbox 1070 2799 1222 2884; x_wconf 88' lang='lat' dir='ltr'>erumpit:</span> <span class='ocrx_word' id='word_1_207' title='bbox 1247 2796 1368 2882; x_wconf 69' lang='grc' dir='ltr'><strong><em>ἐρρέτω</em></strong></span> 
     </span>
     <span class='ocr_line' id='line_1_26' title="bbox 217 2891 1371 2986; baseline 0.002 -24"><span class='ocrx_word' id='word_1_208' title='bbox 217 2892 329 2976; x_wconf 73' lang='grc' dir='ltr'><em>αἰδώς,</em></span> <span class='ocrx_word' id='word_1_209' title='bbox 345 2896 466 2985; x_wconf 72' lang='grc' dir='ltr'><strong><em>ἐρρέτω</em></strong></span> <span class='ocrx_word' id='word_1_210' title='bbox 480 2891 598 2986; x_wconf 71' lang='grc' dir='ltr'><strong><em>ἀγλαΐη</em></strong></span> <span class='ocrx_word' id='word_1_211' title='bbox 612 2920 642 2966; x_wconf 88' lang='lat' dir='ltr'>v.</span> <span class='ocrx_word' id='word_1_212' title='bbox 655 2901 773 2985; x_wconf 74' lang='lat' dir='ltr'>seseq.</span> <span class='ocrx_word' id='word_1_213' title='bbox 805 2899 863 2967; x_wconf 88' lang='lat' dir='ltr'>Sed</span> <span class='ocrx_word' id='word_1_214' title='bbox 886 2901 970 2967; x_wconf 82' lang='lat' dir='ltr'>anxii</span> <span class='ocrx_word' id='word_1_215' title='bbox 992 2902 1090 2968; x_wconf 89' lang='lat' dir='ltr'>animi</span> <span class='ocrx_word' id='word_1_216' title='bbox 1113 2900 1271 2968; x_wconf 86' lang='lat' dir='ltr'>eruciatus</span> <span class='ocrx_word' id='word_1_217' title='bbox 1293 2916 1371 2966; x_wconf 91' lang='lat' dir='ltr'>non·</span> 
     </span>
    </p>
   </div>
   <div class='ocr_carea' id='block_1_3' title="bbox 215 3091 1447 4411">
    <p class='ocr_par' dir='ltr' id='par_1_3' title="bbox 218 3091 1437 3343">
     <span class='ocr_line' id='line_1_27' title="bbox 218 3091 1437 3166; baseline -0.002 -17"><span class='ocrx_word' id='word_1_218' title='bbox 218 3092 424 3150; x_wconf 76' lang='lat' dir='ltr'>Alexandrinos</span> <span class='ocrx_word' id='word_1_219' title='bbox 441 3099 472 3150; x_wconf 90' lang='lat' dir='ltr'>et</span> <span class='ocrx_word' id='word_1_220' title='bbox 490 3093 698 3149; x_wconf 79' lang='lat' dir='ltr'>Alexandrinos</span> <span class='ocrx_word' id='word_1_221' title='bbox 716 3111 849 3165; x_wconf 79' lang='lat' dir='ltr'>magnum</span> <span class='ocrx_word' id='word_1_222' title='bbox 869 3092 962 3150; x_wconf 85' lang='lat' dir='ltr'>neseio</span> <span class='ocrx_word' id='word_1_223' title='bbox 991 3092 1069 3164; x_wconf 88' lang='lat' dir='ltr'>quid,</span> <span class='ocrx_word' id='word_1_224' title='bbox 1094 3091 1180 3148; x_wconf 81' lang='lat' dir='ltr'>inimo</span> <span class='ocrx_word' id='word_1_225' title='bbox 1203 3094 1369 3149; x_wconf 88' lang='lat' dir='ltr'>immensum</span> <span class='ocrx_word' id='word_1_226' title='bbox 1429 3160 1437 3166; x_wconf 20' lang='lat' dir='ltr'>q</span> 
     </span>
     <span class='ocr_line' id='line_1_28' title="bbox 218 3180 1370 3254; baseline 0 -16"><span class='ocrx_word' id='word_1_227' title='bbox 218 3183 352 3240; x_wconf 84' lang='lat' dir='ltr'>iuteresse</span> <span class='ocrx_word' id='word_1_228' title='bbox 379 3201 426 3240; x_wconf 89' lang='lat' dir='ltr'>eos</span> <span class='ocrx_word' id='word_1_229' title='bbox 449 3201 613 3254; x_wconf 82' lang='lat' dir='ltr'>persuasum</span> <span class='ocrx_word' id='word_1_230' title='bbox 637 3182 727 3238; x_wconf 87' lang='lat' dir='ltr'>habeo</span> <span class='ocrx_word' id='word_1_231' title='bbox 746 3182 919 3238; x_wconf 80' lang='lat' dir='ltr'>iudicaturos</span> <span class='ocrx_word' id='word_1_232' title='bbox 938 3199 1005 3244; x_wconf 85' lang='lat' dir='ltr'>esso.</span> <span class='ocrx_word' id='word_1_233' title='bbox 1034 3180 1083 3252; x_wconf 92' lang='lat' dir='ltr'>qui</span> <span class='ocrx_word' id='word_1_234' title='bbox 1107 3181 1180 3238; x_wconf 91' lang='lat' dir='ltr'>hano</span> <span class='ocrx_word' id='word_1_235' title='bbox 1199 3187 1310 3253; x_wconf 86' lang='lat' dir='ltr'>partem</span> <span class='ocrx_word' id='word_1_236' title='bbox 1327 3181 1370 3238; x_wconf 91' lang='lat' dir='ltr'>hi·</span> 
     </span>
     <span class='ocr_line' id='line_1_29' title="bbox 219 3271 1345 3343; baseline 0.001 -16"><span class='ocrx_word' id='word_1_237' title='bbox 219 3273 324 3328; x_wconf 82' lang='lat' dir='ltr'>storias</span> <span class='ocrx_word' id='word_1_238' title='bbox 342 3273 500 3328; x_wconf 83' lang='lat' dir='ltr'>litterariae</span> <span class='ocrx_word' id='word_1_239' title='bbox 517 3273 685 3336; x_wconf 78' lang='lat' dir='ltr'>accuratius,</span> <span class='ocrx_word' id='word_1_240' title='bbox 705 3290 790 3343; x_wconf 88' lang='lat' dir='ltr'>quam</span> <span class='ocrx_word' id='word_1_241' title='bbox 808 3273 900 3328; x_wconf 86' lang='lat' dir='ltr'>adhue</span> <span class='ocrx_word' id='word_1_242' title='bbox 917 3271 1023 3328; x_wconf 81' lang='lat' dir='ltr'>suetum</span> <span class='ocrx_word' id='word_1_243' title='bbox 1042 3275 1094 3340; x_wconf 89' lang='lat' dir='ltr'>eat,</span> <span class='ocrx_word' id='word_1_244' title='bbox 1113 3271 1345 3328; x_wconf 78' lang='lat' dir='ltr'>examinaverint</span> 
     </span>
    </p>

    <p class='ocr_par' dir='ltr' id='par_1_4' title="bbox 215 3359 1482 4322">
     <span class='ocr_line' id='line_1_30' title="bbox 318 3359 1371 3431; baseline 0 -15"><span class='ocrx_word' id='word_1_245' title='bbox 318 3362 329 3396; x_wconf 87' lang='lat'>¹</span> <span class='ocrx_word' id='word_1_246' title='bbox 348 3359 491 3417; x_wconf 79' lang='lat' dir='ltr'>Nonnulla</span> <span class='ocrx_word' id='word_1_247' title='bbox 512 3361 566 3418; x_wconf 89' lang='lat' dir='ltr'>boo</span> <span class='ocrx_word' id='word_1_248' title='bbox 590 3363 652 3418; x_wconf 88' lang='lat' dir='ltr'>iooo</span> <span class='ocrx_word' id='word_1_249' title='bbox 676 3379 739 3418; x_wconf 86' lang='lat' dir='ltr'>oum</span> <span class='ocrx_word' id='word_1_250' title='bbox 762 3360 900 3417; x_wconf 81' lang='lat' dir='ltr'>ovidiana</span> <span class='ocrx_word' id='word_1_251' title='bbox 923 3360 1055 3431; x_wconf 78' lang='lat' dir='ltr'>Myrrhae</span> <span class='ocrx_word' id='word_1_252' title='bbox 1081 3359 1177 3416; x_wconf 77' lang='lat' dir='ltr'>fabula</span> <span class='ocrx_word' id='word_1_253' title='bbox 1204 3376 1371 3431; x_wconf 88' lang='lat' dir='ltr'>oomponere</span> 
     </span>
     <span class='ocr_line' id='line_1_31' title="bbox 216 3447 1371 3519; baseline 0.001 -16"><span class='ocrx_word' id='word_1_254' title='bbox 216 3449 293 3504; x_wconf 84' lang='lat' dir='ltr'>lieet.</span> <span class='ocrx_word' id='word_1_255' title='bbox 328 3449 428 3506; x_wconf 81' lang='lat' dir='ltr'>Medea</span> <span class='ocrx_word' id='word_1_256' title='bbox 444 3450 519 3506; x_wconf 86' lang='lat' dir='ltr'>enirn</span> <span class='ocrx_word' id='word_1_257' title='bbox 538 3450 574 3505; x_wconf 88' lang='lat' dir='ltr'>ed</span> <span class='ocrx_word' id='word_1_258' title='bbox 593 3467 717 3506; x_wconf 87' lang='lat' dir='ltr'>sororem</span> <span class='ocrx_word' id='word_1_259' title='bbox 736 3449 905 3506; x_wconf 85' lang='lat' dir='ltr'>oonteudere</span> <span class='ocrx_word' id='word_1_260' title='bbox 923 3449 1057 3514; x_wconf 85' lang='lat' dir='ltr'>decrevit,</span> <span class='ocrx_word' id='word_1_261' title='bbox 1077 3448 1127 3504; x_wconf 87' lang='lat' dir='ltr'>sed</span> <span class='ocrx_word' id='word_1_262' title='bbox 1146 3447 1176 3503; x_wconf 93' lang='lat' dir='ltr'>in</span> <span class='ocrx_word' id='word_1_263' title='bbox 1194 3448 1255 3519; x_wconf 91' lang='lat' dir='ltr'>ipso</span> <span class='ocrx_word' id='word_1_264' title='bbox 1274 3447 1371 3504; x_wconf 87' lang='lat' dir='ltr'>limine</span> 
     </span>
     <span class='ocr_line' id='line_1_32' title="bbox 217 3533 1372 3610; baseline 0.001 -19"><span class='ocrx_word' id='word_1_265' title='bbox 217 3537 326 3592; x_wconf 81' lang='lat' dir='ltr'>ineerta</span> <span class='ocrx_word' id='word_1_266' title='bbox 350 3537 455 3608; x_wconf 86' lang='lat' dir='ltr'>pendet</span> <span class='ocrx_word' id='word_1_267' title='bbox 481 3557 509 3592; x_wconf 85' lang='lat' dir='ltr'>v.</span> <span class='ocrx_word' id='word_1_268' title='bbox 536 3539 589 3594; x_wconf 76' lang='grc'>646</span> <span class='ocrx_word' id='word_1_269' title='bbox 616 3556 672 3608; x_wconf 74' lang='lat' dir='ltr'>sep,</span> <span class='ocrx_word' id='word_1_270' title='bbox 703 3555 766 3594; x_wconf 89' lang='lat' dir='ltr'>oum</span> <span class='ocrx_word' id='word_1_271' title='bbox 795 3533 880 3598; x_wconf 67' lang='lat' dir='ltr'>«vidue</span> <span class='ocrx_word' id='word_1_272' title='bbox 906 3543 935 3593; x_wconf 88' lang='lat' dir='ltr'>at</span> <span class='ocrx_word' id='word_1_273' title='bbox 960 3533 1057 3608; x_wconf 76' lang='grc' dir='ltr'><strong><em>γλυκὺς</em></strong></span> <span class='ocrx_word' id='word_1_274' title='bbox 1081 3541 1178 3610; x_wconf 67' lang='grc' dir='ltr'><strong><em>ἵμερος</em></strong></span> <span class='ocrx_word' id='word_1_275' title='bbox 1205 3553 1232 3590; x_wconf 84' lang='grc' dir='ltr'>ν.</span> <span class='ocrx_word' id='word_1_276' title='bbox 1256 3536 1309 3592; x_wconf 85' lang='grc'>663</span> <span class='ocrx_word' id='word_1_277' title='bbox 1341 3553 1372 3592; x_wconf 87' lang='lat' dir='ltr'>se</span> 
     </span>
     <span class='ocr_line' id='line_1_33' title="bbox 217 3624 1369 3699; baseline -0.001 -19"><span class='ocrx_word' id='word_1_278' title='bbox 217 3632 315 3681; x_wconf 85' lang='lat' dir='ltr'>mutuo</span> <span class='ocrx_word' id='word_1_279' title='bbox 334 3625 513 3699; x_wconf 73' lang='lat' dir='ltr'>impugnent;</span> <span class='ocrx_word' id='word_1_280' title='bbox 541 3627 660 3682; x_wconf 86' lang='lat' dir='ltr'>similem</span> <span class='ocrx_word' id='word_1_281' title='bbox 678 3645 806 3683; x_wconf 83' lang='lat' dir='ltr'>sonenanr</span> <span class='ocrx_word' id='word_1_282' title='bbox 825 3626 950 3686; x_wconf 49' lang='lat' dir='ltr'>Ovidius,</span> <span class='ocrx_word' id='word_1_283' title='bbox 962 3625 1098 3683; x_wconf 79' lang='lat' dir='ltr'>describit</span> <span class='ocrx_word' id='word_1_284' title='bbox 1115 3624 1182 3681; x_wconf 90' lang='lat' dir='ltr'>Met.</span> <span class='ocrx_word' id='word_1_285' title='bbox 1199 3625 1237 3694; x_wconf 81' lang='lat' dir='ltr'>X,</span> <span class='ocrx_word' id='word_1_286' title='bbox 1256 3626 1309 3680; x_wconf 80' lang='lat'>456</span> <span class='ocrx_word' id='word_1_287' title='bbox 1327 3643 1369 3695; x_wconf 87' lang='lat' dir='ltr'>sq.</span> 
     </span>
     <span class='ocr_line' id='line_1_34' title="bbox 216 3713 1371 3788; baseline -0.002 -18"><span class='ocrx_word' id='word_1_288' title='bbox 216 3713 267 3784; x_wconf 78' lang='lat' dir='ltr'>(ef.</span> <span class='ocrx_word' id='word_1_289' title='bbox 279 3714 335 3770; x_wconf 87' lang='lat' dir='ltr'>Cir.</span> <span class='ocrx_word' id='word_1_290' title='bbox 346 3715 421 3784; x_wconf 81' lang='lat' dir='ltr'>als).</span> <span class='ocrx_word' id='word_1_291' title='bbox 452 3715 539 3772; x_wconf 86' lang='lat' dir='ltr'>Serva</span> <span class='ocrx_word' id='word_1_292' title='bbox 557 3716 647 3772; x_wconf 89' lang='lat' dir='ltr'>olaros</span> <span class='ocrx_word' id='word_1_293' title='bbox 666 3715 781 3772; x_wconf 79' lang='lat' dir='ltr'>Medeae</span> <span class='ocrx_word' id='word_1_294' title='bbox 798 3716 920 3788; x_wconf 77' lang='lat' dir='ltr'>gemitus</span> <span class='ocrx_word' id='word_1_295' title='bbox 940 3733 975 3771; x_wconf 87' lang='lat' dir='ltr'>ox</span> <span class='ocrx_word' id='word_1_296' title='bbox 993 3715 1105 3772; x_wconf 83' lang='lat' dir='ltr'>interno</span> <span class='ocrx_word' id='word_1_297' title='bbox 1117 3714 1246 3772; x_wconf 91' lang='lat' dir='ltr'>oubionlo</span> <span class='ocrx_word' id='word_1_298' title='bbox 1257 3714 1371 3771; x_wconf 90' lang='lat' dir='ltr'>orobros</span> 
     </span>
     <span class='ocr_line' id='line_1_35' title="bbox 215 3801 1370 3876; baseline 0 -18"><span class='ocrx_word' id='word_1_299' title='bbox 215 3803 387 3874; x_wconf 84' lang='lat' dir='ltr'>prodeuntes</span> <span class='ocrx_word' id='word_1_300' title='bbox 406 3804 488 3861; x_wconf 90' lang='lat' dir='ltr'>audit</span> <span class='ocrx_word' id='word_1_301' title='bbox 505 3823 531 3860; x_wconf 82' lang='lat' dir='ltr'>v.</span> <span class='ocrx_word' id='word_1_302' title='bbox 550 3807 604 3859; x_wconf 80' lang='grc'>664</span> <span class='ocrx_word' id='word_1_303' title='bbox 621 3823 672 3876; x_wconf 78' lang='lat' dir='ltr'>sq..</span> <span class='ocrx_word' id='word_1_304' title='bbox 699 3810 731 3860; x_wconf 89' lang='lat' dir='ltr'>ut</span> <span class='ocrx_word' id='word_1_305' title='bbox 749 3804 881 3874; x_wconf 76' lang='lat' dir='ltr'>Myrrhae</span> <span class='ocrx_word' id='word_1_306' title='bbox 907 3804 1005 3860; x_wconf 78' lang='lat' dir='ltr'>nutrix</span> <span class='ocrx_word' id='word_1_307' title='bbox 1024 3821 1051 3860; x_wconf 87' lang='lat' dir='ltr'>v.</span> <span class='ocrx_word' id='word_1_308' title='bbox 1070 3805 1124 3859; x_wconf 80' lang='grc'>682</span> <span class='ocrx_word' id='word_1_309' title='bbox 1142 3821 1183 3873; x_wconf 89' lang='lat' dir='ltr'>aq.</span> <span class='ocrx_word' id='word_1_310' title='bbox 1212 3829 1246 3844; x_wconf 71' lang='grc'>«-</span> <span class='ocrx_word' id='word_1_311' title='bbox 1275 3801 1370 3859; x_wconf 91' lang='lat' dir='ltr'>Ovidii</span> 
     </span>
     <span class='ocr_line' id='line_1_36' title="bbox 217 3889 1423 3969; baseline -0.002 -22"><span class='ocrx_word' id='word_1_312' title='bbox 217 3909 315 3947; x_wconf 86' lang='lat' dir='ltr'>rursus</span> <span class='ocrx_word' id='word_1_313' title='bbox 332 3891 533 3964; x_wconf 81' lang='lat' dir='ltr'>Euripidisque</span> <span class='ocrx_word' id='word_1_314' title='bbox 551 3911 659 3951; x_wconf 83' lang='lat' dir='ltr'>memor</span> <span class='ocrx_word' id='word_1_315' title='bbox 676 3894 805 3961; x_wconf 84' lang='lat' dir='ltr'>observa,</span> <span class='ocrx_word' id='word_1_316' title='bbox 834 3893 974 3964; x_wconf 87' lang='lat' dir='ltr'>quomodo</span> <span class='ocrx_word' id='word_1_317' title='bbox 1000 3892 1030 3948; x_wconf 90' lang='lat' dir='ltr'>in</span> <span class='ocrx_word' id='word_1_318' title='bbox 1049 3891 1189 3962; x_wconf 90' lang='lat' dir='ltr'>oolloquio</span> <span class='ocrx_word' id='word_1_319' title='bbox 1207 3908 1270 3948; x_wconf 86' lang='lat' dir='ltr'>ounr</span> <span class='ocrx_word' id='word_1_320' title='bbox 1290 3889 1370 3945; x_wconf 76' lang='lat' dir='ltr'>(thui-</span> <span class='ocrx_word' id='word_1_321' title='bbox 1421 3965 1423 3969; x_wconf 20' lang='grc' dir='ltr'>Ι</span> 
     </span>
     <span class='ocr_line' id='line_1_37' title="bbox 218 3978 1370 4055; baseline -0.003 -17"><span class='ocrx_word' id='word_1_322' title='bbox 218 3981 299 4052; x_wconf 83' lang='lat' dir='ltr'>oiops</span> <span class='ocrx_word' id='word_1_323' title='bbox 317 3998 343 4037; x_wconf 86' lang='lat' dir='ltr'>v.</span> <span class='ocrx_word' id='word_1_324' title='bbox 361 3984 415 4038; x_wconf 79' lang='lat' dir='ltr'>ou</span> <span class='ocrx_word' id='word_1_325' title='bbox 432 4000 473 4054; x_wconf 84' lang='lat' dir='ltr'>sq.</span> <span class='ocrx_word' id='word_1_326' title='bbox 510 3983 619 4053; x_wconf 83' lang='lat' dir='ltr'>Medea,</span> <span class='ocrx_word' id='word_1_327' title='bbox 641 4001 726 4054; x_wconf 88' lang='lat' dir='ltr'>quam</span> <span class='ocrx_word' id='word_1_328' title='bbox 743 3983 836 4055; x_wconf 89' lang='lat' dir='ltr'>pudor</span> <span class='ocrx_word' id='word_1_329' title='bbox 854 3981 982 4054; x_wconf 87' lang='lat' dir='ltr'>impedit,</span> <span class='ocrx_word' id='word_1_330' title='bbox 1008 3981 1157 4052; x_wconf 86' lang='lat' dir='ltr'>quominus</span> <span class='ocrx_word' id='word_1_331' title='bbox 1175 3979 1206 4035; x_wconf 88' lang='lat' dir='ltr'>in</span> <span class='ocrx_word' id='word_1_332' title='bbox 1224 3978 1370 4036; x_wconf 89' lang='lat' dir='ltr'>audaoiam</span> 
     </span>
     <span class='ocr_line' id='line_1_38' title="bbox 217 4067 1370 4146; baseline -0.003 -20"><span class='ocrx_word' id='word_1_333' title='bbox 217 4078 385 4142; x_wconf 83' lang='lat' dir='ltr'>prorumpat</span> <span class='ocrx_word' id='word_1_334' title='bbox 410 4077 440 4129; x_wconf 92' lang='lat' dir='ltr'>et</span> <span class='ocrx_word' id='word_1_335' title='bbox 464 4067 630 4145; x_wconf 87' lang='lat' dir='ltr'>praeoordia</span> <span class='ocrx_word' id='word_1_336' title='bbox 657 4072 723 4146; x_wconf 74' lang='lat' dir='ltr'>ipae</span> <span class='ocrx_word' id='word_1_337' title='bbox 749 4089 869 4128; x_wconf 83' lang='lat' dir='ltr'>vaesano</span> <span class='ocrx_word' id='word_1_338' title='bbox 896 4072 1036 4143; x_wconf 87' lang='lat' dir='ltr'>oomplata</span> <span class='ocrx_word' id='word_1_339' title='bbox 1063 4069 1174 4141; x_wconf 87' lang='lat' dir='ltr'>aperiat</span> <span class='ocrx_word' id='word_1_340' title='bbox 1201 4087 1228 4124; x_wconf 83' lang='lat' dir='ltr'>v.</span> <span class='ocrx_word' id='word_1_341' title='bbox 1247 4069 1297 4123; x_wconf 85' lang='grc'>681</span> <span class='ocrx_word' id='word_1_342' title='bbox 1318 4084 1370 4137; x_wconf 80' lang='lat' dir='ltr'>sq..</span> 
     </span>
     <span class='ocr_line' id='line_1_39' title="bbox 217 4155 1368 4233; baseline -0.002 -21"><span class='ocrx_word' id='word_1_343' title='bbox 217 4156 305 4214; x_wconf 72' lang='lat' dir='ltr'>ratris</span> <span class='ocrx_word' id='word_1_344' title='bbox 323 4160 417 4216; x_wconf 84' lang='lat' dir='ltr'>verbis</span> <span class='ocrx_word' id='word_1_345' title='bbox 433 4179 558 4218; x_wconf 89' lang='lat' dir='ltr'>sororem</span> <span class='ocrx_word' id='word_1_346' title='bbox 577 4178 610 4217; x_wconf 91' lang='lat' dir='ltr'>eo</span> <span class='ocrx_word' id='word_1_347' title='bbox 628 4161 736 4233; x_wconf 77' lang='lat' dir='ltr'>adigat,</span> <span class='ocrx_word' id='word_1_348' title='bbox 762 4166 804 4230; x_wconf 89' lang='lat' dir='ltr'>ut,</span> <span class='ocrx_word' id='word_1_349' title='bbox 833 4161 909 4232; x_wconf 83' lang='lat' dir='ltr'>quod</span> <span class='ocrx_word' id='word_1_350' title='bbox 932 4159 994 4232; x_wconf 90' lang='lat' dir='ltr'>ipsa</span> <span class='ocrx_word' id='word_1_351' title='bbox 1010 4163 1104 4215; x_wconf 88' lang='lat' dir='ltr'>ruente</span> <span class='ocrx_word' id='word_1_352' title='bbox 1121 4156 1221 4229; x_wconf 77' lang='lat' dir='ltr'>agitat,</span> <span class='ocrx_word' id='word_1_353' title='bbox 1252 4155 1302 4212; x_wconf 89' lang='lat' dir='ltr'>illa</span> <span class='ocrx_word' id='word_1_354' title='bbox 1321 4173 1368 4212; x_wconf 81' lang='lat' dir='ltr'>ex·</span> 
     </span>
     <span class='ocr_line' id='line_1_40' title="bbox 217 4245 1368 4322; baseline -0.006 -17"><span class='ocrx_word' id='word_1_355' title='bbox 217 4253 339 4319; x_wconf 69' lang='lat' dir='ltr'>prount,</span> <span class='ocrx_word' id='word_1_356' title='bbox 349 4247 496 4306; x_wconf 82' lang='lat' dir='ltr'>eonsilium</span> <span class='ocrx_word' id='word_1_357' title='bbox 507 4267 607 4322; x_wconf 85' lang='lat' dir='ltr'>nempe</span> <span class='ocrx_word' id='word_1_358' title='bbox 615 4250 740 4322; x_wconf 81' lang='lat' dir='ltr'>hospites</span> <span class='ocrx_word' id='word_1_359' title='bbox 749 4249 902 4306; x_wconf 87' lang='lat' dir='ltr'>adiuvandi</span> <span class='ocrx_word' id='word_1_360' title='bbox 911 4267 938 4304; x_wconf 87' lang='lat' dir='ltr'>v.</span> <span class='ocrx_word' id='word_1_361' title='bbox 949 4247 1003 4305; x_wconf 77' lang='grc'>698</span> <span class='ocrx_word' id='word_1_362' title='bbox 1012 4264 1054 4320; x_wconf 84' lang='lat' dir='ltr'>sq.</span> <span class='ocrx_word' id='word_1_363' title='bbox 1064 4247 1111 4318; x_wconf 84' lang='lat' dir='ltr'>(oi.</span> <span class='ocrx_word' id='word_1_364' title='bbox 1123 4264 1208 4318; x_wconf 88' lang='lat' dir='ltr'>supra</span> <span class='ocrx_word' id='word_1_365' title='bbox 1217 4264 1246 4318; x_wconf 87' lang='lat' dir='ltr'>p.</span> <span class='ocrx_word' id='word_1_366' title='bbox 1256 4247 1300 4302; x_wconf 79' lang='lat'>84.</span> <span class='ocrx_word' id='word_1_367' title='bbox 1310 4245 1368 4315; x_wconf 77' lang='lat'><strong>72).</strong></span> 
     </span>
    </p>

    <p class='ocr_par' dir='ltr' id='par_1_5' title="bbox 318 4331 1447 4411">
     <span class='ocr_line' id='line_1_41' title="bbox 318 4331 1447 4411; baseline 0.001 -18"><span class='ocrx_word' id='word_1_368' title='bbox 318 4337 331 4371; x_wconf 82' lang='lat'><strong>¹</strong></span> <span class='ocrx_word' id='word_1_369' title='bbox 351 4337 393 4393; x_wconf 76' lang='lat' dir='ltr'>Cf.</span> <span class='ocrx_word' id='word_1_370' title='bbox 411 4355 438 4394; x_wconf 81' lang='lat' dir='ltr'>v.</span> <span class='ocrx_word' id='word_1_371' title='bbox 455 4340 522 4395; x_wconf 75' lang='lat' dir='ltr'>stre</span> <span class='ocrx_word' id='word_1_372' title='bbox 540 4333 636 4407; x_wconf 57' lang='lat' dir='ltr'>edium</span> <span class='ocrx_word' id='word_1_373' title='bbox 654 4332 721 4394; x_wconf 73' lang='lat' dir='ltr'>edos</span> <span class='ocrx_word' id='word_1_374' title='bbox 736 4331 936 4411; x_wconf 69' lang='lat' dir='ltr'>pahdsipaosv.</span> <span class='ocrx_word' id='word_1_375' title='bbox 1444 4339 1447 4346; x_wconf 85' lang='lat'>&#39;</span> 
     </span>
    </p>
   </div>
   <div class='ocr_carea' id='block_1_4' title="bbox 0 0 1492 5030">
    <p class='ocr_par' dir='ltr' id='par_1_6' title="bbox 0 0 1492 5030">
     <span class='ocr_line' id='line_1_42' title="bbox 0 0 1492 5030; baseline 0 0"><span class='ocrx_word' id='word_1_376' title='bbox 0 0 1492 5030; x_wconf 95' lang='lat' dir='ltr'> </span> 
     </span>
    </p>
   </div>
  </div>
 </body>
</html>
