2974 5030
702 373 755 432 114

158 545 325 616 manifesto
346 545 513 614 denotetur
527 546 547 626 ¹,
579 545 617 612 ut
637 544 700 612 iem
723 563 894 612 assererem
915 545 997 614 benc
1017 564 1160 614 scaenam
1182 544 1308 616 conele-

40 646 43 654 '
152 647 362 717 metiesimem
382 645 478 714 luisse
497 648 530 714 et
550 645 688 715 emulum
711 646 880 716 memoriae
906 645 1108 716 inhaesisset
1130 684 1171 700 -
1193 647 1305 717 Nonne

151 751 249 818 etiem
269 749 477 834 cognoscitur,
512 767 607 832 quem
629 748 813 832 praepotens
836 748 982 815 cothurni
1006 749 1179 817 auotoritas
1199 749 1304 829 inserit,

151 851 180 918 si
210 851 299 935 peter
330 850 398 916 sine
429 848 494 916 ulle
528 847 724 916 dubItntione
758 847 846 915 errori
882 847 1061 935 pringnum
1099 849 1179 917 Iuleo
1211 868 1305 917 cocu·

151 953 236 1020 senti
256 950 349 1018 iidem
367 950 462 1019 hebet
483 950 685 1036 graviterque
708 949 809 1017 lilium
831 949 993 1036 castiget?
1039 951 1193 1019 Nnrrotor
1214 951 1304 1018 addit

93 1133 96 1140 ¹
152 1073 180 1124 t.
201 1053 264 1122 XI:
298 1046 347 1132 ὥς
365 1051 402 1120 δὲ
425 1047 651 1140 ἐνεπέπληστο
674 1055 736 1140 τῆς
760 1042 870 1140 ὀργῆς,
903 1043 988 1120 citit
1010 1054 1067 1121 eoo
1086 1076 1122 1140 ys
1149 1048 1242 1143 ἔφην,
1275 1038 1304 1120 ω’
1358 1095 1361 1102 ·

84 1173 87 1182 ·
153 1147 269 1241 πότι-ρ,
299 1150 330 1222 ei
353 1148 471 1243 recipe}
494 1149 669 1244 πρότερον,
701 1152 827 1234 director
851 1146 893 1219 dr
920 1146 990 1242 εἴην
1016 1148 1075 1242 τὴν
1106 1151 1213 1223 αἰτίαν
1236 1156 1305 1222 τῶν

152 1255 286 1344 eripede
304 1250 496 1341 μανθάνειν.
519 1247 539 1323 ὃ
560 1255 743 1342 δὲμᾶλλον
764 1255 989 1342 παροξυνθεὶς
1008 1248 1037 1323 o‘i
1057 1259 1116 1348 τῆς
1136 1252 1304 1342 εἰρωνείας

76 1405 78 1410 .
152 1356 250 1446 φησί·
280 1352 340 1438 τὰς
366 1353 504 1446 πράξεις
532 1358 638 1425 αὑτοῦ
666 1353 726 1439 τὰς
755 1349 891 1438 ἀνοσίας
922 1355 1002 1442 παρ’
1034 1355 1114 1442 ἐμοῦ
1145 1352 1304 1441 βούλεται

74 1479 83 1488 ·
150 1452 342 1544 μανθάνειν.
402 1459 570 1528 Simillime
600 1458 762 1546 Iterripides
795 1478 939 1528 menum
972 1461 1143 1541 exornavit,
1174 1461 1208 1527 ln
1241 1479 1304 1547 qun

152 1562 298 1648 Theseus,
331 1566 497 1655 postquam
530 1562 629 1630 filium
660 1563 835 1630 exsecratus
869 1563 926 1645 est,
959 1561 1173 1631 advenientem
1204 1581 1304 1649 neque

151 1664 555 1752 quidquemsuspicuntem
577 1665 791 1732 uehementius
813 1664 954 1750 increpet
974 1665 1060 1751 (Hip.
1083 1665 1146 1732 916
1168 1667 1239 1750 sq).

252 1767 340 1834 Unus
370 1767 409 1834 do
439 1766 550 1834 lnebitu
582 1769 615 1834 et
644 1769 757 1834 ornatu
788 1766 952 1852 Hippolyti
986 1767 1175 1852 relinquitur
1206 1766 1302 1845 locus,

151 1867 207 1952 qui
227 1867 269 1934 ed
290 1866 422 1934 Senecae
443 1866 582 1934 fabulam
605 1866 705 1934 denuo
728 1866 984 1952 perscrunnuam
1000 1884 1056 1934 nos
1070 1866 1302 1934 adhortabitur.

152 1966 312 2035 Audietur
340 1967 442 2054 igitur
473 1969 664 2053 postremum
692 1966 829 2036 (lnemon
857 1968 1108 2036 namurcii:
1141 1971 1300 2054 Παναθη-

253 2203 264 2237 ¹
281 2201 338 2258 Vix
355 2201 466 2259 neeene
483 2207 527 2258 eet
543 2202 698 2260 subnotere
714 2220 772 2260 nou
790 2203 880 2276 ipsum
898 2205 1076 2279 tragoediam
1093 2205 1247 2262 Heliodoro
1265 2204 1303 2262 ed

151 2311 251 2352 menne
261 2293 355 2366 tuisse,
367 2291 416 2351 esd
429 2291 505 2363 quod
514 2290 621 2348 dudum
633 2296 745 2350 consta
756 2293 940 2352 interveniree
948 2294 1169 2367 Alexnndrinos;
1182 2312 1302 2366 quorum

151 2383 272 2457 vestigio
288 2383 460 2440 ornemeutis
478 2383 627 2454 preecipue
646 2383 781 2455 impresse
799 2383 855 2442 elio
875 2385 935 2442 loco
952 2385 1119 2442 edumbreui
1138 2385 1178 2457 (p.
1191 2386 1226 2440 64
1242 2385 1302 2456 sq).

152 2475 193 2532 Ut
214 2491 282 2530 uero
304 2473 391 2530 etiem
413 2471 504 2544 megin
529 2477 665 2544 uppereet
686 2491 720 2530 ex
742 2473 828 2529 simili
851 2474 1003 2546 erohetypo
1021 2474 1134 2546 Apuleii
1155 2478 1185 2530 et
1207 2473 1301 2530 Helio·
1353 2510 1360 2519 -

152 2564 216 2620 dori
234 2561 344 2625 inbuite
361 2559 484 2632 duxisse,
501 2560 638 2616 nonnullo
660 2560 748 2618 eddo:
778 2561 930 2634 utrobique
941 2562 1045 2633 nntrIx
1063 2563 1166 2620 omisso
1183 2566 1244 2634 est3
1270 2567 1303 2618 ut

151 2652 228 2723 apud
244 2651 395 2722 Apuleium
415 2666 521 2719 servus,
549 2649 591 2706 ite
608 2649 656 2706 hic
675 2667 757 2707 sorve
775 2669 911 2708 novercae
930 2652 1077 2708 columniis
1096 2651 1254 2708 ministrnm
1272 2668 1303 2706 re

150 2737 282 2814 proebet3
305 2755 350 2796 ree
367 2736 518 2809 utrobique
536 2736 566 2794 in
584 2736 719 2796 iudicium
736 2738 875 2798 edductee
893 2737 954 2797 iuss
973 2745 1135 2798 narrentur.
1169 2739 1301 2799 invenem

150 2829 290 2887 Ineuntem
312 2833 422 2886 remoto
445 2826 588 2885 indicendi
612 2829 706 2886 tnedio
734 2831 828 2888 cuncti
856 2830 955 2887 iubent
980 2827 1136 2903 'lapidibus
1166 2831 1319 2888 obrutum·
1390 2893 1393 2896 ,

149 2919 296 2991 publicum
312 2920 416 2974 melum
433 2918 546 2990 publice
562 2913 726 2989 vindiceri',
744 2925 777 2976 ut
793 2919 930 2991 Apuleius
942 2938 965 2977 o.
978 2920 1017 2976 v1
1029 2924 1137 2977 nnrrnt.
1175 2920 1301 2978 Similem

149 3025 279 3066 mmm
297 3007 465 3065 Heliodorus
482 3007 619 3064 describit
634 3025 658 3064 c.
676 3007 752 3064 XIII.

109 3105 112 3110 '
252 3098 265 3132 ¹
281 3095 413 3154 Fortasse
430 3096 499 3154 beeo
516 3096 578 3169 ipse
595 3114 696 3155 renone
713 3097 890 3170 agnoscende
906 3102 950 3153 eet
967 3096 997 3153 in
1010 3097 1122 3168 pletura
1130 3096 1302 3168 Pompeiane

150 3185 233 3243 Helb.
244 3203 290 3243 no.
306 3187 382 3253 1300,
400 3202 472 3256 ques
489 3185 531 3242 rio
546 3183 716 3242 describitur
732 3185 778 3257 (ci.
789 3185 905 3258 Diltbey
919 3184 974 3241 Rh.
991 3186 1063 3242 Mus.
1080 3184 1166 3251 XXV,
1182 3202 1210 3256 p.
1227 3187 1301 3252 ibit:
1411 3223 1422 3228 -.

151 3274 250 3332 Puella
267 3275 297 3331 in
309 3292 401 3348 genoe
412 3272 598 3345 procumbens
611 3273 777 3347 suppliciter
793 3274 924 3331 dextrum
941 3274 1020 3331 tollit
1038 3273 1182 3330 sinistrum
1193 3271 1302 3344 pectori

151 3363 310 3435 imponene;
327 3363 410 3420 vultu
426 3362 575 3435 desperato
594 3363 722 3421 intuetur
740 3363 880 3436 iuuenem,
899 3363 997 3436 quiin
1016 3361 1173 3420 uehementi
1191 3366 1302 3418 tumore

150 3454 241 3512 oculi·
267 3454 326 3510 lete
347 3451 470 3508 diductis
490 3452 527 3508 eb
549 3452 598 3509 iile
619 3451 755 3525 euiugere
780 3453 895 3510 videtur
916 3451 1000 3508 simul
1018 3451 1145 3524 gledium
1162 3450 1189 3506 ci
1209 3450 1302 3505 inten-

151 3547 224 3599 tent.
246 3569 276 3584 -
295 3540 373 3611 Ques
390 3539 486 3597 omnin
503 3540 617 3613 egregie
635 3541 783 3598 concinere
801 3558 863 3598 cum
882 3557 991 3608 eccene,
1008 3557 1093 3612 quum
1112 3538 1217 3596 Seneca
1237 3537 1301 3593 illu·

151 3637 235 3693 stret.
252 3629 412 3688 iubnlnrum
430 3634 558 3688 unctores
575 3630 740 3703 respiciunt,
769 3630 841 3688 nibil
860 3647 930 3704 opus
948 3636 991 3687 ert
1008 3629 1140 3702 prebere.
1186 3625 1302 3697 Temen,
1376 3657 1380 3666 ·

152 3722 221 3779 dnm
238 3719 455 3779 delineationem
473 3720 519 3776 uel
536 3718 626 3792 ipsum
644 3718 785 3792 picturam
796 3719 904 3792 videro,
921 3719 1057 3778 iudicium
1069 3718 1099 3774 in
1111 3717 1204 3775 medlo
1216 3715 1301 3774 relin-

151 3827 251 3882 qnnrnr
277 3808 444 3882 preeeertim
462 3826 525 3867 cnm
545 3809 581 3867 de
597 3808 697 3884 dqsrrie
715 3807 745 3865 in
762 3809 874 3882 picture
891 3813 969 3867 retro
987 3807 1086 3882 peritis
1108 3804 1235 3880 queestio
1254 3803 1301 3861 sit.

151 3899 225 3958 idem
242 3898 348 3974 Helbig
364 3904 565 3958 commemoret
582 3898 724 3980 seminem,
755 3916 828 3970 quse
851 3916 868 3957 e
889 3916 972 3956 muro
994 3915 1126 3979 reconem
1146 3892 1302 3969 prospiciet

83 4013 96 4038 ο
151 3995 182 4048 et
201 3990 258 4048 duo
275 3989 395 4047 obscure
415 3989 518 4062 cupite.
546 3987 660 4063 nnmey
679 3990 707 4058 (l.
725 3988 757 4061 l.)
774 4005 893 4062 puerum
916 3989 1084 4046 clementem
1110 4002 1224 4043 menum
1247 3983 1301 4040 tol·

151 4079 257 4136 lentem
274 4085 305 4136 et
325 4095 447 4137 serrum.
491 4077 570 4148 Quee
597 4095 654 4135 non
681 4083 741 4135 tem
767 4095 846 4136 mese
873 4075 1102 4149 interpretationi
1124 4074 1301 4145 obstrepunt,

151 4186 237 4241 quern
256 4168 381 4240 Diitheyi
405 4168 442 4224 de
459 4167 578 4239 Byblide
601 4167 769 4240 cogitentieq
795 4165 877 4236 eddo,
907 4165 983 4238 quod
1003 4169 1037 4221 nt
1058 4164 1137 4221 illum
1154 4161 1183 4218 in
1201 4177 1301 4218 eccene

151 4256 302 4330 principeli
313 4273 459 4331 moscus,
476 4273 568 4328 neque
581 4254 699 4312 Ovidius
716 4272 808 4326 neque
824 4253 896 4311 nlius
910 4258 1009 4312 euctm
1026 4252 1132 4310 suadet
1167 4248 1228 4306 nni
1245 4248 1302 4306 elie

150 4345 238 4402 etiem
254 4345 408 4403 incertiore
425 4344 634 4403 coniectarentr
654 4343 759 4417 IIclbig
774 4342 915 4400 Achillem
932 4347 962 4400 et
979 4339 1154 4398 Deidamiem
1172 4337 1300 4410 puterit3

150 4433 304 4492 limini
320 4435 436 4507 (Bnllet.
453 4433 577 4507 Nepolit
596 4433 610 4490 1
627 4450 663 4505 p.»
677 4433 724 4505 lt)
740 4432 911 4489 Alcmeeone
928 4435 958 4488 et
974 4429 1139 4502 Eriphylen.
