2982 5006
170 498 305 587 amplius
335 494 490 565 tumidam
522 513 561 563 nc
593 492 768 579 plumbeam
797 490 985 571 cantilenam
1013 489 1052 560 dn
1078 489 1147 559 diro
1176 488 1317 560 muliebri
1389 527 1395 536 ·

170 619 282 686 genere
303 598 529 666 declamantem
552 592 630 660 iacit
639 596 659 660 ¹.
701 591 762 660 Sed
789 591 884 660 etiam
907 593 1040 660 certiora
1074 591 1149 660 sciri
1181 593 1317 677 poenum

171 702 253 769 Nam
279 717 334 785 pro
355 697 439 766 certo
460 694 619 764 affirmare
639 691 740 760 nuum
762 690 1005 760 Valckenarinm
1026 693 1109 760 recte
1131 692 1318 761 coniectasse

86 853 88 860 .
171 801 343 870 clausulam
368 796 518 866 orationis
539 793 703 880 Hippolyti
729 810 765 860 en
786 791 889 877 priore
909 791 1045 862 editione
1064 793 1099 860 in
1122 791 1254 862 nltormn
1275 792 1317 861 ir·

171 904 299 988 repsisse
317 921 346 969 n.
359 899 532 967 biit-68².
554 895 638 979 Quos
653 912 758 961 nemus
773 893 808 959 in
829 894 1007 961 universum
1025 895 1163 978 prolatos
1179 895 1317 962 hocloco

171 1005 328 1089 languere,
359 1002 524 1088 postquam
545 994 735 1081 Hippolytus
766 1011 802 1061 er
832 1013 916 1061 more
938 994 1104 1080 Euripiden
1132 994 1317 1062 sententiam

171 1103 347 1192 generalem
368 1103 408 1170 ad
428 1099 629 1186 singularem,
660 1115 740 1183 qnae
762 1095 961 1163 inmanibus
985 1099 1042 1180 cet,
1074 1114 1200 1164 causam
1223 1095 1319 1181 adsp-

171 1207 264 1286 tnnit,
295 1205 331 1287 ii,
359 1202 471 1288 quibua
495 1201 604 1268 corut
624 1197 715 1266 dunt
735 1195 827 1282 sepit,
849 1197 1046 1282 persentient
1094 1199 1139 1266 At
1163 1199 1321 1284 quadrent

172 1307 249 1373 baec
278 1301 417 1372 convicia
446 1300 480 1368 in
507 1300 640 1386 priorem
664 1297 770 1366 Veluti
796 1315 951 1380 menam,
983 1300 1020 1365 nt
1040 1297 1175 1368 Senecae
1205 1298 1321 1366 amites

172 1424 278 1473 uersus
299 1405 362 1470 666
382 1422 427 1486 aq.
449 1401 590 1469 vincunt.

272 1503 332 1571 Sed
353 1503 416 1569 iam
438 1500 581 1568 Phaedra
602 1501 670 1585 ipsa
693 1517 798 1567 morae
811 1499 978 1583 impatiens
992 1498 1172 1584 priuignum
1187 1497 1265 1577 adit,
1288 1497 1321 1564 in

174 1625 235 1691 qne
255 1605 370 1672 amena
388 1601 564 1670 exornanda
589 1601 681 1686 poeta
700 1597 846 1676 Graccus,
876 1617 914 1666 nc
933 1599 1074 1667 Romano
1096 1599 1176 1667 banc
1196 1597 1321 1668 leudem

65 1775 67 1786 ,
116 1686 125 1705 ’
173 1705 336 1783 uindicem,
359 1702 520 1790 egregium
540 1701 692 1770 artificem
714 1693 755 1769 se'
769 1700 938 1786 praestitit.
967 1735 1001 1749 -
1030 1700 1201 1768 Procedens
1222 1699 1323 1786 igitur

65 1795 66 1802 '
174 1806 230 1873 illa
263 1823 292 1872 n.
318 1804 380 1872 583
404 1823 450 1890 aq.
482 1803 606 1888 repente
634 1821 666 1870 sc
697 1802 803 1870 animo
832 1801 933 1887 linqui
963 1801 1108 1883 simulat;
1143 1801 1323 1882 collabitur,

63 1937 66 1976 τ
174 1904 361 1988 Hippolytus
383 1906 551 1989 collapsam
577 1903 699 1987 excipit,
721 1921 800 1970 anua
822 1904 996 1987 torpentem
1016 1903 1132 1970 excitat
1156 1921 1184 1970 r.
1202 1902 1280 1970 587:

62 2013 68 2042 ·’
324 2004 436 2072 attolle
459 2004 574 2084 nultus,
597 2001 721 2071 dimove
743 2002 827 2070 nocis
848 2021 967 2071 moras:

321 2105 462 2186 tunam,
484 2103 622 2182 alumna,
644 2104 743 2170 temet
764 2102 955 2189 Hippolytus
977 2103 1073 2170 tenet

173 2206 241 2274 Iam
273 2205 329 2274 illa
360 2204 424 2273 luci
457 2205 579 2274 reddita
612 2204 653 2273 nd
685 2203 822 2272 immane
843 2205 1035 2289 propositum
1057 2202 1266 2292 peragendum
1290 2221 1326 2271 ec

173 2305 320 2392 accingit,
342 2306 395 2374 ned
407 2304 592 2375 verecundia
613 2303 780 2373 deturbate
802 2303 971 2390 culpaeque
991 2305 1114 2373 conscia
1136 2305 1219 2372 inter
1233 2304 1326 2371 saria

173 2408 302 2475 consilia
317 2408 449 2476 fluctuat
468 2410 508 2488 et,
529 2407 611 2475 unde
622 2405 818 2492 potissimum
833 2407 1115 2492 capiaterordinm,
1138 2408 1327 2476 cunctanter

173 2508 303 2593 quaerit.
320 2544 352 2559 -
381 2507 522 2595 Vestigie
544 2508 595 2576 hic
616 2508 717 2576 latent
739 2505 850 2576 Graeci
864 2506 1056 2593 exemplaris.
1092 2509 1176 2577 Nem
1196 2509 1223 2577 ni
1247 2508 1326 2577 Ovi·

60 2613 62 2626 '
172 2608 216 2675 dii
233 2608 374 2678 Phaedra
396 2610 505 2677 scribit
525 2630 555 2678 n.
576 2610 615 2677 'iz
634 2607 699 2676 ‘tor
718 2612 822 2676 tecum
843 2613 955 2676 conata
975 2597 1078 2695 loqui'
1099 2630 1125 2678 e
1140 2630 1170 2697 q.
1185 2629 1220 2694 a,
1244 2611 1324 2696 quid

62 2739 63 2768 1
171 2707 257 2776 aliud
279 2709 423 2795 exprimit
445 2710 505 2778 nisi
527 2709 621 2778 istam
643 2711 874 2779 cunctationem
897 2710 950 2793 (cl.
973 2711 1044 2780 Sen.
1065 2714 1128 2780 602
1155 2733 1201 2799 sq.
1221 2711 1324 2799 63⁸0?

171 2809 304 2878 Senecae
326 2813 430 2878 nutem
454 2810 596 2879 Phaedra
621 2829 725 2879 secum
753 2813 878 2898 reputat
907 2833 936 2881 n.
959 2813 1021 2880 696
1042 2833 1104 2899 sq:
1134 2811 1179 2884 ‘si
1210 2816 1326 2900 oceptn

171 2928 326 2997 exsequor,
350 2912 467 2980 Forsan
482 2913 582 2998 iugali
604 2914 720 2981 crimen
741 2913 930 2983 abscondam
953 2913 1044 2983 iaca'
1075 2916 1154 2984 Item
1167 2915 1327 2986 Ouidinna

171 3013 274 3098 puella
310 3031 340 3083 n.
372 3013 432 3082 137
464 3032 510 3133 sq.
548 3015 675 3083 nomina
711 3014 881 3102 modosque
924 3016 1061 3086 diversos
1102 3017 1159 3086 illa
1195 3016 1326 3104 quidem

171 3115 302 3199 quaerit,
325 3116 438 3200 quibus
452 3115 569 3183 crimen
591 3117 729 3202 obtegat.
768 3116 885 3203 Neque,
907 3135 987 3203 qnae
1008 3116 1215 3190 illaadditn.
1239 3117 1327 3186 cns:

167 3209 314 3284 ‘honeeta
336 3215 490 3302 quaedem
512 3217 798 3288 sceleraencossana
819 3213 919 3299 lacit,
942 3217 1142 3305 Huripideum
1163 3218 1327 3306 scpbisrna

170 3334 232 3383 non
254 3315 401 3402 sapiente
422 3337 496 3384 nam
523 3317 557 3385 in
578 3324 713 3388 montem
736 3320 822 3388 uenit
843 3319 949 3387 nutrix
969 3318 1052 3406 apud
1074 3318 1254 3405 Hnripldem
1273 3319 1326 3390 its

171 3519 369 3534 *—

272 3637 282 3672 ¹
300 3637 333 3692 ln
352 3636 515 3694 Coroniiero
536 3654 580 3694 ree
598 3639 682 3696 cliter-
700 3656 729 3697 ae
748 3639 848 3711 babet3
875 3658 938 3698 cnm
960 3641 1112 3698 concitatio
1136 3657 1169 3697 eo
1187 3640 1326 3713 leniatur,

170 3723 246 3794 qnod
268 3725 365 3781 nutrix
383 3725 541 3782 intercedit.
565 3755 597 3768 -
618 3728 715 3786 Nihilo
738 3729 826 3787 aecius
845 3729 992 3802 Hippolyti
1011 3720 1074 3787 iura
1092 3729 1185 3804 iurgia
1203 3730 1234 3786 in
1251 3729 1325 3788 libe·

170 3829 265 3868 rorum
276 3816 500 3884 procreationem
514 3816 574 3873 illio
584 3817 704 3874 ridicula
714 3824 789 3890 eunt,
801 3819 869 3890 qnia
881 3818 1000 3876 nutricis
1013 3820 1133 3877 incitnna
1144 3819 1325 3892 provocatio,

169 3917 241 3971 quae
258 3902 288 3958 in
306 3902 415 3971 velato,
434 3905 458 3961 si
477 3911 553 3963 recte
571 3905 723 3978 disputavi.
743 3909 834 3964 locum
851 3908 970 3979 invenit,
988 3909 1103 3967 omnino
1122 3907 1209 3965 dant.

269 3991 281 4026 ¹
300 3991 468 4065 Euripidem
489 3995 538 4050 hon
556 4010 653 4050 venna
676 4013 735 4052 ease
752 3995 832 4054 Glool
856 3997 875 4053 l.
893 3998 912 4054 1.
931 4014 959 4069 p.
978 3999 1013 4054 66
1035 4015 1082 4070 sq⁸¹
1094 3997 1195 4055 meritc
1220 4001 1325 4054 contra

170 4075 366 4136 Barthcldinm
385 4082 437 4139 Hb.
449 4082 521 4138 Mne.
540 4083 558 4138 1.
571 4082 589 4137 l.
603 4100 630 4154 p.
642 4086 696 4140 667
714 4087 834 4156 monuit,
852 4086 1003 4144 servandos
1017 4104 1085 4156 esee,
1103 4103 1159 4156 qno
1171 4085 1232 4142 loco
1245 4102 1327 4142 nnnc

168 4164 310 4237 leguntur,
339 4170 444 4226 nemini
472 4163 729 4241 compercussione
753 4190 844 4245 spero.
879 4172 966 4230 Recte
992 4177 1087 4230 anum
1115 4171 1256 4228 intellexit
1281 4171 1324 4229 ad

169 4253 260 4323 λέγειν
271 4273 297 4310 n.
309 4258 362 4311 666
378 4274 413 4312 ex
426 4258 655 4314 antecedentibus
668 4265 764 4330 μισεῖν
781 4268 912 4331 γυναῖκας
924 4261 1050 4333 suppleri
1062 4259 1172 4315 debere.
1207 4257 1326 4316 eonisa

169 4341 254 4399 turias
274 4350 384 4418 στυγεῖν
394 4345 517 4418 (Reinke)
530 4347 633 4420 ψίγιιν
643 4345 830 4422 (Heimeoetb)
843 4349 999 4408 ”nuntiae
1010 4364 1127 4407 acumen
1144 4344 1325 4406 debilitatur.
