2974 5030
723 298 760 356 80

165 474 275 542 dende
292 473 477 560 pensitanda
493 474 568 541 sunt
589 473 770 542 testimma
791 471 829 539 de
847 471 899 539 via
920 488 958 538 ao
977 469 1107 555 ratione,
1126 487 1189 554 qua
1203 468 1309 536 nutrix

164 578 284 662 patrem
306 575 408 642 adeat.
451 574 582 643 Ouidius
602 573 703 660 igitur
724 573 772 640 ita
793 574 902 640 narrat
923 591 953 638 u.
972 571 1033 638 438
1054 589 1117 656 sq:

311 677 406 744 nacta
426 694 554 761 grauem
577 675 650 742 nino
672 673 819 760 Cinyram
841 672 923 739 male
944 671 1052 738 sedub
1073 670 1178 738 nucia

311 777 436 844 nomine
456 776 587 844 mentito
609 793 697 843 veros
718 772 844 860 exponit
864 791 996 842 amores·

311 880 344 946 et
365 877 477 944 faeiem
499 876 619 943 laudat

162 979 255 1065 Apud
268 979 463 1046 Antoninum
477 976 582 1043 nutrix
603 975 670 1061 regi
694 974 836 1041 nuntiat:
858 967 910 1040 ὅτι
931 963 1020 1061 cingi
1040 968 1120 1062 κόρη
1140 971 1309 1058 μακαρίων
1334 1036 1337 1046 ,

93 1129 97 1136 -
157 1071 353 1164 ἀνθρώπων
371 1079 481 1143 ποθεῖ
499 1073 742 1161 παραγενέσθαι
769 1077 930 1162 κρυφαῖος
951 1069 999 1152 εἷς
1021 1073 1080 1164 τὴν
1104 1075 1224 1162 κοίτην.
1257 1076 1310 1144 Si·

160 1183 250 1248 milia
270 1181 309 1246 de
335 1178 456 1246 nerones
476 1177 638 1261 perbibent
663 1176 868 1241 Plutarchus:
903 1170 969 1262 ἔφη
989 1171 1050 1259 γὰρ
1072 1175 1201 1261 γείτονα
1224 1199 1310 1260 παρ-

159 1281 262 1348 θένον
292 1277 368 1362 ἐρᾶν
393 1269 503 1356 αἰτοῦ,
538 1273 591 1342 καὶ
617 1267 833 1356 αἰσχύνεσθαι
859 1271 893 1341 ἐν
913 1275 1048 1363 φανερῷ
1077 1273 1244 1361 προςνίναι
1277 1277 1309 1342 cb

159 1381 293 1466 Oppiani
322 1378 504 1446 scholiasta:
539 1370 710 1465 ἡτροφὸς
736 1374 950 1460 συνεκοίμησε
979 1369 1098 1460 ταύτην
1124 1378 1171 1464 τῷ
1195 1373 1308 1460 πατρί,

157 1474 335 1566 εἶσᾶγοιοα
354 1476 436 1544 κατὰ
456 1471 515 1567 τὴν
535 1469 640 1555 abaco,
675 1469 721 1554 nis:
743 1473 837 1561 ξένην
857 1478 992 1559 γυναῖκα
1011 1478 1044 1542 et
1059 1475 1184 1544 Servius
1200 1476 1307 1561 (Verg.

158 1584 237 1650 Bne
257 1581 297 1660 X,
319 1582 388 1664 18):
415 1577 513 1647 ‘dixit
532 1578 664 1664 Cinyrae
694 1596 759 1645 esse
781 1577 940 1662 quandam
963 1577 1110 1662 puellam,
1142 1596 1221 1663 quae
1242 1577 1308 1644 eius

156 1704 263 1752 amore
283 1683 431 1768 flagraret
451 1683 483 1748 et
504 1681 703 1748 concubitum
726 1681 816 1746 nocte
842 1679 875 1744 in
904 1679 1040 1746 tenebris
1070 1682 1195 1765 propter
1221 1698 1309 1746 nere·

156 1784 305 1855 cundiam
334 1783 486 1869 expeteret
515 1780 727 1868 virginalem’.
769 1782 807 1850 In
829 1779 986 1849 Theocriti
1014 1780 1237 1850 commentario
1259 1778 1309 1847 in·

159 1890 278 1956 castum
299 1887 345 1953 sic
365 1885 542 1953 instituitur·
563 1883 600 1965 (l.
618 1881 672 1968 l.):
695 1876 854 1948 ἐλάνθανε
877 1881 914 1949 δὲ
934 1878 993 1949 τον
1014 1881 1141 1966 πατέρα
1161 1881 1308 1966 οτολνζο·

156 1986 238 2076 μένα]
259 1985 312 2054 καὶ
332 1981 624 2072 σιναιαμιγναμένη
646 1977 693 2063 ὥς
714 1977 912 2068 θεράπαινα.
955 1983 1041 2067 erac
1064 1984 1186 2054 fabulas
1208 1984 1309 2052 forma

157 2093 222 2160 aiio
247 2089 426 2158 testimonio
449 2107 511 2155 non
537 2085 767 2172 comprobatur.
814 2086 897 2154 Nam
919 2087 959 2154 ab
981 2087 1082 2155 altera
1103 2087 1192 2172 parte
1214 2087 1309 2154 testes

156 2195 255 2274 stant,
276 2193 331 2278 qui
350 2190 472 2258 nutrice
491 2188 779 2276 omissaMprrbam
801 2188 900 2273 ipsam
924 2190 1072 2274 paternae
1093 2189 1237 2274 ebrietati
1259 2189 1310 2255 in·

156 2295 323 2363 sicientem
358 2293 497 2378 tingunt:
541 2291 746 2375 Nicophanes,
780 2290 909 2358 Servius
942 2291 1051 2376 (Verg.
1079 2291 1157 2358 heu.
1182 2291 1219 2370 V,
1245 2292 1307 2375 72),
1338 2295 1344 2302 “

156 2394 379 2483 iipthograpbi
395 2393 551 2461 Vaticani.
587 2391 717 2460 ovidius
739 2391 839 2478 igitur
861 2392 1047 2477 compilator
1069 2391 1307 2474 mereseium,

156 2517 337 2585 quanquam
359 2497 465 2581 postea
485 2493 539 2578 (ci.
553 2493 668 2576 auiis)
690 2493 802 2578 prioris
823 2492 941 2560 ordinis
959 2494 1054 2562 testes
1075 2495 1198 2562 securim
1220 2492 1309 2578 puel·
1432 2578 1434 2582 Ι

156 2601 221 2668 lam
250 2599 283 2667 in
312 2598 447 2666 tenebris
484 2616 554 2665 eum
583 2598 671 2680 patre
706 2596 909 2664 concubuisse
937 2595 1045 2677 refert,
1083 2597 1188 2663 tamm
1221 2595 1309 2663 lenae

152 2701 261 2768 dolum
290 2701 337 2766 ita
365 2700 494 2765 exornat
525 2696 694 2782 pudicitiae
721 2698 916 2781 praetextum
942 2697 1169 2764 inconsiderate
1203 2697 1309 2781 negle-

153 2820 241 2886 gens,
263 2803 300 2866 ut
317 2819 386 2867 eam
409 2798 441 2865 in
464 2797 610 2884 Cinyram
626 2797 746 2864 ebrium
762 2797 949 2864 incidentem
965 2795 1083 2882 hngate
1105 2795 1187 2882 quoel
1204 2798 1307 2882 potius

153 2901 183 2970 ei
203 2900 327 2968 fabulae
351 2899 468 2967 iormae
495 2899 765 2966 accommodatum
786 2899 842 2979 est,
876 2916 911 2964 ex
933 2918 995 2983 qua
1018 2897 1122 2965 nutrix
1144 2898 1308 2966 ministrae

153 3005 295 3089 partibus
309 3023 370 3070 non
386 3001 537 3086 iungitur.
573 3002 677 3084 Atque
691 2999 774 3084 apud
789 2998 935 3066 Ovidium
951 3000 1027 3066 haec
1041 3000 1123 3067 ratio
1145 3020 1180 3068 eo
1204 3002 1308 3067 minus

152 3103 280 3184 sufficit,
317 3101 401 3189 quod
426 3119 571 3186 spurcam
595 3100 746 3167 Venerem
767 3099 891 3184 saepius
913 3093 1105 3185 integratam
1128 3119 1196 3167 esse
1213 3092 1328 3167 reiert¹

155 3224 187 3272 r.
195 3205 256 3272 471
272 3208 292 3269 ¹.
335 3203 371 3269 ld
388 3203 529 3288 denique,
550 3201 633 3288 quod
648 3201 720 3268 lena
735 3201 855 3286 puellae
876 3201 986 3268 iaciem
1009 3202 1127 3286 iaudat,
1150 3202 1307 3269 Nasonem

154 3325 218 3374 non
238 3306 392 3372 invenisse
413 3304 477 3372 alio
498 3305 568 3371 ioco
590 3304 819 3370 demonstrabo.

252 3405 382 3491 Myrrha
403 3408 508 3476 arrum
530 3403 562 3472 in
584 3403 763 3473 thalamum
779 3403 922 3486 deducta,
946 3403 1029 3473 maio
1045 3405 1147 3472 omine
1162 3406 1308 3474 revocata

153 3510 295 3577 atamen
326 3508 504 3594 procedens,
537 3527 633 3594 paene
661 3510 735 3575 ante
760 3507 867 3576 oeulos
900 3509 1021 3576 nostros
1051 3507 1178 3594 ponitur
1202 3507 1307 3576 Ovidii

153 3609 294 3677 versibus
313 3611 377 3678 454
397 3631 457 3698 sq:
901 3605 903 3610 ’
1077 3698 1080 3703 ¹

116 3700 120 3714 '
253 3711 282 3778 it
301 3713 416 3792 tamen
439 3713 471 3780 et
491 3713 637 3780 tenebrae
657 3712 805 3779 minuunt
828 3731 948 3798 nonque
969 3714 1041 3780 atra
1062 3711 1229 3797 pudoreme

252 3812 445 3898 nutricisque
466 3833 594 3881 manum
616 3813 707 3882 laena
728 3813 822 3893 unet,
844 3814 945 3882 altera
967 3816 1056 3881 motu

252 3933 378 3981 ανοααιο
401 3913 462 3980 iter
484 3915 624 3999 explorat
645 3934 671 3982 e
691 3935 722 3998 q.
744 3933 771 3981 s.

152 4015 308 4101 &gutiae
334 4014 448 4083 nuidis
473 4015 629 4084 coloribus
651 4014 779 4100 singula
809 4003 992 4097 affingentes
1014 4012 1217 4083 Alexandrini
1240 4014 1307 4083 stili

258 4233 268 4266 ¹
287 4231 477 4304 Apollodorus
489 4231 617 4304 loquitur
627 4231 664 4289 de
676 4231 825 4290 duodecim
837 4231 976 4299 noctibus,
995 4231 1071 4303 quod
1082 4231 1309 4306 mythologorarn

152 4320 383 4392 interpretationi
400 4339 497 4377 muru
515 4320 584 4378 dare
602 4324 705 4410 potest
830 4329 835 4336 '
