2974 5030
253 503 321 571 lem
349 502 450 589 igitur
471 499 623 568 alacriore
648 497 754 566 animo
776 495 944 582 Euripidis,
978 494 1032 581 qui
1064 513 1097 564 se
1125 495 1159 561 in
1179 493 1300 579 Hippo·

151 605 228 693 lytis
249 603 352 674 serati
373 603 472 672 animi
493 601 572 671 mire
593 619 727 686 gnarum
748 599 917 686 praestitit,
938 596 1072 682 uestigia
1085 596 1181 664 altius
1200 614 1300 681 parse-

153 726 284 795 quemur
313 707 345 775 et
376 704 571 772 rimabimur.
624 701 773 788 Prospere
803 718 876 768 uero
907 699 1033 779 accidit,
1066 697 1148 784 quod
1176 696 1210 764 in
1240 697 1300 764 hac

152 810 334 897 quaestione
354 808 394 876 ad
410 826 507 875 unum
526 804 650 892 quidem
665 805 823 873 servatum
839 803 961 889 poetam
974 798 1216 870 alexandrinum
1231 817 1300 884 pre·

153 931 263 981 vocare
284 911 375 990 licata
407 909 607 979 Tbeocritum
630 907 709 992 dico,
738 906 793 992 qui
813 907 846 972 in
872 904 975 991 lepida
996 903 1173 974 Simasthae
1194 903 1300 973 fabula

154 1014 215 1097 (ld.
239 1015 284 1097 Η)
307 1012 431 1080 Amoris
452 1011 517 1079 tela
539 1008 726 1096 praecordiis
751 1008 846 1075 infixa
875 1007 1034 1074 haerentia
1064 1009 1130 1073 tarn
1163 1005 1301 1073 suaviter

153 1115 220 1181 tam
241 1113 427 1199 simpliciter
447 1112 514 1179 tam
536 1109 646 1178 natira
668 1111 735 1177 arte
758 1108 908 1188 mutauit,
931 1126 1026 1192 quarn
1048 1105 1150 1174 nescio
1166 1125 1206 1173 un
1221 1125 1301 1172 nun·

154 1234 248 1301 qnam
278 1213 373 1281 ullius
399 1212 505 1300 gentis
531 1213 621 1296 poeta
636 1213 656 1280 ¹.
705 1210 743 1277 In
772 1210 878 1278 Lunae
910 1210 1015 1276 autem
1043 1209 1239 1278 invocatione
1269 1209 1301 1275 et

154 1315 341 1402 philtrorum
363 1315 517 1400 apparatu
543 1313 724 1381 memoriam
748 1311 908 1380 Phaedrae
939 1312 1072 1389 subesse,
1106 1329 1186 1397 quiae
1205 1311 1300 1378 etiam

153 1417 186 1486 io
208 1416 333 1486 scholiis
355 1415 398 1503 (a.
422 1417 476 1498 10)
498 1413 657 1500 laudatur,
690 1432 820 1500 pronum
844 1413 891 1481 est
912 1413 1094 1496 coniectare,
1127 1413 1202 1482 lieet
1223 1413 1302 1480 altar

154 1520 264 1587 auctor
274 1517 439 1586 Theocrito
450 1517 526 1585 haec
545 1519 729 1586 ornamenta
749 1515 929 1584 submiserit
940 1518 963 1582 ¹.
979 1551 1014 1565 -
1029 1515 1189 1599 Quomodo
1204 1515 1303 1600 igitur

154 1799 295 1861 ιιιλνεαῦνα
310 1805 420 1876 ἐγένετο
433 1800 543 1876 densis
555 1806 602 1858 καλ
621 1797 775 1875 ιιίνόμαοαν
789 1797 874 1870 αὐτὴν
893 1795 1015 1876 Ἄφαιαν.
1039 1804 1066 1859 Δ
1084 1800 1256 1858 Callimacho
1273 1801 1303 1856 in

154 1911 188 1950 ee
206 1893 322 1962 recedit,
341 1893 416 1964 quod
433 1893 619 1950 Britomartis
637 1891 795 1965 confugisse
813 1891 904 1948 tradit
921 1892 958 1948 sd
976 1892 1137 1964 piscatores,
1167 1891 1216 1962 qui
1241 1909 1301 1948 cans
1420 1961 1424 1968 Ι

155 1982 262 2039 retibus
280 1983 467 2052 occultarent;
486 1999 570 2053 quam
589 1981 781 2037 narrationem
799 1981 939 2038 Diodorus
950 1979 984 2045 V,
1003 1981 1038 2036 76
1056 1979 1185 2036 refellere
1201 1980 1302 2036 studet

155 2071 256 2128 Matris
282 2088 383 2127 nornen
405 2067 529 2128 ‘Carme'
560 2075 702 2128 manser
726 2069 886 2126 Antoninus
910 2068 1048 2126 Liberalis
1070 2065 1221 2125 Pausanias
1238 2068 1303 2124 Dio·

156 2158 243 2216 derna
261 2160 279 2215 1.
298 2159 317 2215 l.

159 2299 163 2310 .
257 2251 266 2284 ¹
285 2247 427 2306 Romanus
445 2247 631 2321 paraphrastis
642 2246 783 2323 Vergilius
803 2247 881 2322 (Bne.
892 2245 965 2310 Vlll,
984 2248 1020 2304 64
1033 2251 1085 2320 sq.)
1102 2247 1227 2304 nativam
1240 2244 1303 2302 sim·

155 2337 312 2411 plicitatsm
331 2338 360 2393 in
379 2338 567 2411 descriptione
585 2339 688 2394 amoris
712 2338 814 2395 sensim
839 2337 924 2395 altius
946 2342 1032 2409 atque
1057 2336 1142 2394 latius
1167 2334 1302 2408 umentis

155 2428 239 2499 plane
257 2428 420 2500 suppressit.

257 2516 268 2551 ¹
287 2515 329 2572 Ci.
348 2514 438 2573 Sohol.
456 2533 483 2571 r.
503 2517 550 2571 eo:
570 2512 640 2587 arpis
658 2513 708 2583 ripa·
725 2508 849 2584 Σελήνην
863 2517 909 2570 καλ
927 2507 1100 2585 τὴνἙκιλιρν
1111 2519 1191 2588 φησι.
1208 2507 1303 2574 samur

154 2602 209 2677 γὰρ
228 2602 376 2674 συνεργοὺς
396 2607 435 2664 alr
452 2601 502 2672 sip·
521 2605 584 2673 napi
604 2603 747 2675 ἐρωμένου
765 2606 944 2676 φαρμακείαν
962 2596 1186 2675 παραλαμβάνει·
1204 2598 1255 2670 τὴν
1271 2601 1302 2656 dl

155 2693 211 2750 τῶν
228 2692 413 2766 φαρμακειῶν
431 2685 568 2747 ὑπόθεσιν
586 2691 617 2746 ἐκ
641 2692 697 2747 τῶν
714 2684 871 2764 Σώφρονος
886 2695 984 2764 μίμων
1001 2694 1160 2765 μεταφέρει.
1182 2719 1211 2732 -
1233 2710 1304 2764 φαιρ·

155 2781 279 2854 μακεαῖιν
297 2798 368 2838 corr.
387 2781 493 2849 Adart;
516 2781 577 2836 ced.
597 2776 755 2852 φαρμααιῦν
772 2781 845 2850 (sic.)
862 2777 951 2834 ‘haud
970 2780 1055 2836 dubie
1072 2798 1125 2851 pro
1144 2797 1304 2853 φαρμακευ-

156 2867 259 2941 εριῶν,
288 2877 321 2926 nt
344 2870 476 2926 Duebner
504 2869 629 2925 adnotat.
675 2869 744 2925 Inde
774 2885 907 2940 perversa
935 2868 1030 2940 opinio
1057 2874 1120 2924 erts
1147 2871 1191 2925 est
1217 2867 1304 2924 Theo·

157 2959 260 3016 critum
278 2965 371 3017 totum
389 2957 507 3016 alterius
525 2957 657 3014 carminis
670 2963 866 3030 argumentum
879 2976 896 3014 a
911 2956 1056 3027 Sophrona
1068 2961 1228 3014 mutuatum
1241 2974 1307 3013 essa.

157 3049 198 3104 At
215 3049 383 3105 scholiastes
402 3047 497 3116 verba,
516 3047 540 3102 si
557 3047 598 3103 its
616 3033 829 3119 intelleguntur,
848 3046 877 3101 in
896 3046 990 3102 medie
1009 3047 1210 3102 commentario
1229 3063 1308 3102 accos

158 3136 256 3207 pineto
275 3138 446 3207 interspersa
466 3135 542 3192 haud
561 3135 616 3191 lesi
635 3135 783 3191 offensioni
801 3139 876 3189 aunt.
915 3133 996 3190 Adde
1014 3135 1090 3205 quod
1113 3133 1309 3207 praecedentia

159 3223 257 3279 acholii
285 3223 372 3280 verba
390 3225 554 3294 neutiquam
573 3222 639 3279 heic
662 3221 890 3293 interpretationi
914 3220 1019 3277 lavent.
1057 3221 1194 3296 Quocirca
1221 3223 1308 3294 pcrti-

158 3311 268 3367 uaeiter
286 3329 413 3368 uacuare
423 3311 561 3368 helerium
582 3311 736 3367 rectissima
754 3310 864 3383 legisse,
882 3327 917 3365 ne
936 3309 1029 3366 dicam
1044 3311 1217 3381 emendassc;
1235 3310 1308 3366 unde

160 3400 295 3456 nimirum
313 3400 454 3468 discimus,
472 3400 548 3471 qnod
566 3399 648 3455 unico
666 3399 702 3454 ad
721 3417 782 3455 ram
800 3399 1043 3455 accommodatum
1057 3403 1108 3463 est,
1130 3397 1309 3454 Theocritum

137 3496 139 3500 ’
162 3487 191 3544 in
210 3487 304 3560 priore
322 3487 454 3544 carminis
473 3492 555 3560 parte
574 3494 772 3560 argumentum
790 3487 807 3544 i.
827 3505 850 3543 e.
871 3491 1040 3559 apparatum
1063 3503 1204 3544 sacrorum
1223 3486 1310 3558 magi·

161 3595 258 3635 corum
277 3595 294 3634 a
311 3577 429 3634 muliere
447 3582 559 3635 amante
572 3578 677 3634 iactum
690 3594 707 3633 a
718 3576 865 3647 Sophrona
880 3575 1052 3647 repetivisse,
1069 3575 1185 3632 minime
1196 3575 1309 3646 quidam

87 3718 90 3725 .
161 3667 317 3740 integrum:
336 3663 386 3734 τὴν
406 3666 438 3721 dl
458 3660 609 3722 Θεοιὺλιιλα
628 3664 643 3722 ὁ
664 3659 808 3737 Θεόκριτος
826 3658 1013 3737 ιἰπειροκιέλωι
1035 3665 1067 3720 ἐκ
1086 3665 1141 3721 τῶν
1157 3658 1311 3738 Σοῖφρονοι

160 3751 310 3830 μετήνεγκε
323 3761 434 3830 Μίμοιν
451 3755 554 3827 (Sobel.
573 3755 614 3811 ld.
633 3755 660 3811 11
679 3755 766 3828 Arg).
803 3754 875 3812 Nam
894 3754 935 3810 rsi
954 3759 1056 3810 natura
1074 3752 1140 3824 fert,
1158 3758 1192 3810 nt
1208 3753 1311 3810 ancilla

162 3847 193 3903 in
217 3864 316 3904 sesana
340 3863 396 3902 non
421 3852 500 3903 muts
525 3863 645 3918 persona
670 3845 767 3916 luerit,
795 3851 828 3902 ut
855 3843 910 3900 iarn
934 3843 1043 3900 Betzen
1069 3841 1230 3900 observavit
1257 3843 1312 3914 (Da

161 3935 299 4007 Sophron.
318 3941 347 3992 et
364 3934 504 3991 Xenarch.
522 3935 652 4008 blimogr.
673 3935 773 4006 Gymu.
792 3935 891 4007 Progr.
909 3932 985 4003 chlr
1005 3933 1081 3990 1866.
1099 3950 1127 4004 p.
1146 3935 1171 3990 8.
1189 3933 1240 4004 2.);
1257 3931 1311 3989 hoe

162 4025 295 4082 discrima
312 4023 457 4081 Theocriti
476 4041 587 4081 carmen
610 4023 821 4080 reassumimus
845 4024 974 4079 limatum
998 4022 1117 4079 exstitit.
1143 4049 1180 4064 -
1207 4021 1311 4078 Contu-s

162 4115 245 4171 elteri
264 4115 397 4172 carminis
416 4113 502 4186 parti,
523 4113 552 4168 in
571 4129 627 4184 qus
644 4111 741 4169 labiola
760 4111 898 4168 amatoris
917 4111 991 4168 nude
1009 4114 1165 4180 enarratur,
1183 4127 1245 4167 cum
1262 4107 1311 4164 So·
1427 4180 1432 4192 ι

109 4200 114 4214 ’
161 4202 269 4276 phaone
286 4202 483 4276 mimographo
501 4207 587 4273 poeta
604 4202 731 4259 scaenico
749 4200 821 4256 nihil
843 4205 888 4257 est
908 4218 1064 4258 commune.
1088 4198 1213 4256 Diudort
1223 4198 1312 4272 igitur

161 4292 202 4363 (p.
225 4293 288 4362 itt)
319 4292 415 4348 omniu
443 4309 554 4347 sursum
579 4291 711 4347 deorsum
738 4289 863 4346 remouit
892 4294 957 4360 post
977 4283 1165 4360 ἀπειροκάλως
1190 4287 1313 4344 inserens

163 4385 336 4454 προιενρκεν
352 4375 400 4442 οἷς.
438 4371 571 4437 Ceterum
591 4378 668 4436 haud
692 4379 750 4438 scio
772 4395 809 4434 sn
832 4377 954 4434 altarum
977 4376 1050 4434 illud
1068 4376 1194 4435 scholion
1211 4375 1250 4449 (ν.
1267 4376 1313 4446 ee)
