2974 5030
729 291 766 348 80

170 463 280 532 deinde
298 462 483 548 pensitanda
499 465 574 531 sunt
595 465 775 533 testimonia
797 463 836 531 de
853 465 905 532 ria
927 482 964 532 ac
983 463 1113 548 ratione,
1132 482 1195 550 qua
1209 464 1315 532 nutrix

169 567 290 650 patrem
311 565 414 633 adeat
457 564 587 633 Ouidius
608 565 708 652 igitur
731 564 778 633 ita
800 567 908 633 narrat
929 584 959 632 v.
977 565 1039 632 438
1060 584 1124 651 cqc

316 667 412 734 nacta
432 685 559 753 grauem
582 667 655 734 rino
678 665 825 752 Cinyram
847 664 930 733 male
950 665 1058 733 sedula
1079 665 1185 733 nutrix

318 767 441 835 nomine
460 767 593 835 mentito
614 785 703 835 veroa
724 765 850 853 exponit
870 784 990 834 amores

316 871 350 936 ct
371 867 483 936 faeiem
504 867 624 936 laudat

169 970 261 1058 Apud
274 970 468 1038 Antoninum
482 969 588 1036 nutrix
608 968 674 1056 regi
700 968 841 1037 nuntiat:
864 961 917 1036 ὅτι
936 957 1026 1058 cirri
1046 963 1126 1060 κόρη
1147 967 1315 1057 μακαρίων

164 1063 358 1157 ἀνθρώπων
377 1073 487 1138 ποθεῖ
505 1068 748 1157 παραγενέσθαι
773 1074 936 1160 κρυφαῖος
957 1066 1005 1151 εἷς
1027 1070 1087 1163 τὴν
1109 1072 1230 1162 κοίτην.
1263 1075 1315 1144 Si·

165 1176 256 1244 milia
276 1176 315 1245 dc
340 1174 461 1242 nutrice
481 1174 643 1258 perhibent
668 1173 874 1241 Plutarchus:
909 1168 974 1263 ἔφη
995 1169 1056 1261 γὰρ
1077 1173 1206 1262 γείτονα
1230 1199 1316 1262 παρ-

164 1278 267 1344 θένον
297 1274 373 1359 ἐρᾶν
398 1267 508 1355 αι’-τοῦ,
543 1273 597 1340 καὶ
622 1267 838 1358 αἲσχῦνεσθοι
865 1271 899 1342 ἕν
918 1277 1054 1365 φανερῷ
1083 1275 1250 1363 προςεέναι
1283 1279 1314 1346 et

164 1379 298 1466 Oppiani
327 1377 509 1446 scholiasta:
544 1371 716 1467 ἡαροῳος
741 1375 955 1465 σενεκοίμηοε
985 1372 1103 1466 ταύτην
1129 1381 1177 1470 τῷ
1201 1377 1314 1464 πατρί,

162 1475 339 1566 εἰσάγουσα
359 1477 440 1545 κατὰ
461 1474 519 1568 τὴν
540 1472 646 1558 νύκτα,
680 1472 727 1558 ὥς
749 1477 841 1566 ξένην
862 1482 997 1564 γυναῖκα
1017 1483 1049 1548 et
1064 1481 1189 1550 Sorrina
1205 1482 1312 1568 (Verg.

164 1584 241 1651 Buc
262 1581 301 1661 X,
325 1584 392 1663 18):
421 1579 518 1648 ‘dixit
537 1581 669 1666 Cinyrae
699 1581 945 1666 assequendam
968 1583 1115 1667 puellam,
1148 1602 1226 1668 quae
1248 1583 1314 1650 eius

160 1703 267 1752 amore
287 1683 436 1768 flagraret
455 1683 488 1750 et
509 1683 708 1749 concubitum
731 1685 821 1751 noete
847 1684 880 1749 in
910 1685 1046 1752 tenebris
1074 1689 1199 1770 propter
1227 1703 1314 1752 rere·

161 1785 309 1854 cundiam
339 1786 491 1869 expeteret
519 1783 732 1869 virginalem‘.
774 1786 811 1852 ln
834 1785 991 1852 Theocriti
1019 1786 1242 1854 commentario
1264 1785 1314 1852 in·

163 1890 281 1974 certum
302 1887 349 1953 aio
369 1885 546 1952 instituitur
567 1886 603 1967 (1.
622 1884 676 1970 l.):
699 1878 859 1952 ἐλάνθανε
882 1884 918 1952 δὲ
939 1881 998 1952 τὸν
1019 1885 1146 1973 πατέρα
1166 1887 1313 1972 οτολνζο·
1350 1949 1353 1954 ,
1388 1944 1390 1950 ,

160 1985 242 2074 μίαν]
263 1986 315 2053 καὶ
336 1984 628 2072 σεισιαμεγνιμὲννρ
650 1979 698 2065 ὦς
718 1979 916 2070 θεράπαινα.
960 1987 1045 2071 Quae
1069 1989 1190 2058 fabulae
1212 1991 1314 2058 forma
1432 2007 1435 2014 '

161 2091 225 2158 aiio
251 2089 430 2156 testimonio
452 2107 515 2155 non
540 2086 772 2172 comprobatur.
819 2089 901 2156 Nam
924 2089 964 2156 ah
985 2091 1086 2158 attera
1107 2092 1197 2175 parte
1219 2093 1313 2160 testes

160 2192 258 2272 etam.
279 2191 334 2276 qui
354 2189 475 2256 nutrice
495 2189 610 2256 omissa
621 2189 783 2276 Myrrham
805 2189 904 2274 ipsam
928 2193 1077 2275 paternas
1098 2192 1241 2277 ebrietati
1263 2193 1314 2259 in·

160 2293 327 2361 sidiantam
362 2291 501 2376 fingunt:
544 2291 751 2376 Nicephorus,
785 2291 913 2359 Servius
946 2293 1055 2378 (Verg.
1082 2293 1161 2361 Aen.
1185 2294 1223 2374 V,
1250 2293 1345 2379 72)‚·

160 2391 383 2479 Mythographi
398 2392 554 2458 Vaticani.
591 2390 721 2458 Ovidius
743 2391 843 2476 igitur
865 2393 1052 2476 compilator
1073 2395 1155 2460 male
1176 2395 1311 2476 sedulus,

159 2513 339 2580 quanquam
361 2495 468 2578 postca
489 2490 542 2577 (oi.
556 2512 584 2559 r.
594 2492 671 2575 473)
694 2493 805 2577 prioris
827 2493 944 2560 ordinis
962 2495 1058 2561 testes
1078 2496 1203 2562 secutus
1224 2495 1312 2579 puel·
1436 2580 1438 2586 Ι

158 2596 223 2664 lam
252 2594 450 2663 intenebris
488 2613 558 2663 cum
585 2595 674 2679 patre
710 2595 912 2663 concubuisse
941 2595 1048 2678 refert,
1087 2597 1192 2664 tumen
1226 2597 1312 2664 lenae

155 2697 264 2764 dolum
293 2696 340 2763 ita
368 2699 497 2764 exornat
528 2696 697 2782 pudicitiae
725 2697 919 2781 praetextum
945 2697 1173 2766 inconsiderate
1206 2698 1313 2784 negle-

155 2819 243 2884 gens,
267 2800 302 2864 ut
321 2817 389 2866 enm
411 2798 445 2864 in
467 2797 614 2883 cinyram
629 2799 751 2866 ebrium
765 2798 953 2866 incidentem
969 2798 1086 2885 fingat3
1109 2800 1191 2886 quod
1208 2801 1311 2886 potius

156 2899 330 2967 eiiahulae
353 2899 471 2966 formae
499 2900 768 2970 accommodatum
789 2901 846 2981 ast,
879 2918 915 2967 ex
937 2921 998 2985 que
1021 2901 1125 2968 nutrix
1147 2903 1312 2970 ministrae

156 3005 298 3088 partibus
311 3022 373 3069 non
389 3001 541 3086 iungitur.
576 3002 680 3086 Atque
695 3002 776 3086 apud
792 3001 938 3069 Ovidium
954 3003 1030 3070 haec
1044 3004 1126 3071 ratio
1148 3024 1184 3072 eo
1207 3005 1312 3071 minus
1402 3001 1406 3005 ’

154 3103 283 3185 sufficit,
320 3102 403 3188 quod
429 3121 575 3186 spurcam
597 3102 749 3170 Venerem
771 3102 895 3187 saepius
917 3095 1111 3188 integratam
1132 3124 1199 3172 esse
1217 3105 1312 3172 refert

158 3223 189 3271 r.
198 3205 258 3270 471
275 3209 295 3269 ¹.
337 3204 373 3269 Id
390 3203 532 3288 denique,
553 3204 635 3288 quod
651 3204 723 3270 lena
738 3204 858 3288 puellae
880 3205 990 3272 taciem
1012 3206 1131 3291 iaudat,
1153 3207 1310 3274 Nasonem

156 3324 221 3372 uon
240 3306 395 3373 invenisse
416 3305 480 3373 alio
502 3305 571 3373 loeo
593 3305 822 3372 demonstrabo.

256 3405 384 3490 Myrrha
405 3408 511 3474 autem
532 3405 565 3472 in
587 3405 765 3474 thalamum
782 3407 926 3488 duecte,
950 3407 1032 3474 mato
1048 3408 1150 3477 omine
1165 3412 1311 3478 revocata

155 3508 297 3573 attamen
329 3507 506 3591 procedens,
539 3527 636 3592 paene
664 3511 739 3576 ante
763 3508 870 3576 oculos
902 3510 1024 3576 nostros
1054 3509 1181 3593 ponitur
1205 3511 1311 3580 Ouidii

156 3605 296 3674 uersibus
315 3609 380 3675 454
400 3628 460 3694 αρε

119 3695 123 3708 '
254 3708 284 3772 it
303 3711 419 3788 tamen,
442 3711 474 3776 et
494 3711 639 3778 tenebrae
660 3711 808 3777 minuunt
830 3731 950 3797 noxque
971 3715 1043 3778 atra
1065 3711 1232 3796 pudorem

253 3809 447 3894 nutricisque
468 3829 597 3878 manum
617 3811 708 3878 laeva
730 3812 825 3893 tonet,
845 3813 947 3880 altera
969 3814 1059 3880 motu

253 3927 380 3978 caecum
401 3910 464 3978 iter
485 3912 626 3997 explorat
646 3931 672 3980 e.
693 3932 723 3998 q.
745 3931 773 3980 s.

153 4009 309 4095 Argutice
334 4010 449 4078 viridis
474 4012 630 4080 coloribus
652 4012 780 4097 singula
811 4002 993 4096 effingentes
1015 4013 1219 4082 Alexandrini
1242 4015 1309 4083 stili
1404 4109 1405 4114 Ἰ
1439 4043 1440 4046 ’

259 4227 478 4299 'Apollodorus
491 4228 619 4299 loquitur
629 4227 664 4287 de
678 4228 825 4288 duedecim
839 4231 977 4299 noctibus,
996 4230 1072 4302 quod
1084 4229 1310 4306 mdth⁰¹⁰d⁰f¹im
1418 4269 1419 4274 ¹

152 4313 383 4387 interpretationi
401 4334 498 4373 msam
515 4317 585 4374 dara
602 4313 706 4408 potest
832 4327 835 4334 ’
