2982 5006
735 257 768 312 11

181 437 218 505 01
237 452 330 519 supra
352 427 442 498 eriri.
473 426 632 497 Narraudi
654 446 850 514 progressum
873 427 947 496 iude
972 429 1012 498 ah
1036 428 1122 516 equis
1142 428 1218 513 ingo
1239 423 1323 496 so'hi·

179 534 297 626 gendis,
319 533 352 600 in
374 550 436 618 qua
460 548 493 597 re
515 527 647 596 Senecae
670 529 762 596 uerba
778 548 807 596 u.
820 529 902 596 1002
923 549 970 616 sq.
992 530 1093 616 magis
1113 529 1216 598 Velati
1236 530 1324 616 frag·

48 623 50 682 l
181 639 283 706 mento
297 636 360 702 445
374 652 469 718 quam
485 630 658 699 Coronileri
671 631 773 699 sensui
790 633 871 699 1183
892 631 1085 720 respondent,
1107 633 1236 700 eundem
1258 651 1325 700 esse
1441 671 1442 724 3

48 755 50 818 l
180 737 332 806 nemiuem
355 734 447 818 fugit.
497 731 667 818 Insignitas
690 733 784 799 etiam
807 751 842 798 eo
864 737 1049 818 oongmunt,
1076 734 1158 820 0000
1179 734 1322 801 iuvenem
1441 757 1442 826 3

48 831 49 868 ³
178 837 284 906 exsilio
308 828 454 902 a'ideotum
482 833 583 901 multa
610 851 714 900 meum
739 833 918 919 loquentem
946 835 977 900 et
998 835 1118 919 patrem
1139 834 1325 903 abominari·
1441 835 1442 876 ³

178 943 241 1006 tem
273 937 399 1022 fingunt
428 933 521 1030 (Eur.
552 953 581 1000 a.
607 934 689 1002 1100
714 953 761 1019 sq.
788 933 858 1002 Seu.
879 954 908 1002 v.
933 935 1016 1002 1001
1037 931 1123 1021 0011
1167 934 1217 1002 Ad
1243 953 1323 1002 non·

178 1039 264 1106 nulla
298 1039 413 1117 autom,
443 1055 523 1122 quae
555 1039 664 1121 poetae
695 1036 836 1103 Romano
864 1035 987 1121 propria
1012 1038 1096 1121 suot,
1120 1037 1249 1122 posthae
1274 1054 1322 1102 re·

177 1143 290 1207 vertar.

275 1238 325 1305 Ad
348 1237 471 1304 cantica
492 1237 740 1320 praevertamurr
768 1235 947 1320 Euripidem
971 1235 1004 1302 iu
1026 1239 1165 1304 oomoota
1186 1236 1322 1305 editione

176 1341 284 1406 ehoros
307 1338 365 1417 uel,
388 1339 424 1403 01
445 1338 558 1404 reotius
580 1335 694 1419 diuam,
723 1355 828 1404 eorurn
850 1356 956 1404 seusus
978 1356 1107 1406 rrouasse
1127 1338 1260 1422 exeeptis
1281 1339 1321 1405 iis
1441 1345 1442 1374 ÷

174 1440 260 1518 loeis,
290 1458 421 1523 quorum
443 1439 567 1504 mutata
589 1436 766 1506 oeeonomia
788 1438 847 1505 hoo
867 1438 1047 1523 postularet,
1078 1457 1188 1524 parum
1211 1438 1322 1505 uerisi-
1441 1439 1442 1502 3

177 1537 686 1638 01100100111001100000010110,
709 1557 788 1624 0000
805 1539 857 1605 hio
871 1539 938 1605 illio
958 1538 996 1606 de
1017 1539 1082 1606 eius
1096 1555 1182 1605 more
1202 1543 1322 1606 retrae-

174 1639 263 1706 tandi
296 1638 396 1706 (lesui.
447 1638 563 1706 Seneca
593 1640 698 1707 001010
734 1639 817 1707 haud
852 1658 922 1707 raro
955 1641 987 1707 in
1019 1638 1120 1707 choris
1144 1639 1186 1708 ab
1209 1637 1319 1706 iisdem

174 1739 398 1806 seutemiarum
420 1739 583 1823 capitibus,
613 1741 767 1825 aquibus
789 1741 958 1824 Euripides,
991 1740 1204 1824 profluiseitur,
1238 1741 1319 1807 uude

174 1840 322 1907 nimirum
354 1841 388 1907 in
421 1840 521 1908 altum
557 1842 681 1907 evectus
711 1841 847 1908 cuiusuis
873 1841 994 1928 generis
1016 1841 1142 1908 doseula
1163 1860 1183 1907 a
1205 1839 1317 1908 Graeci

174 1942 317 2009 oothurni
338 1942 494 2028 dignitate
516 1943 619 2012 aliena
643 1942 777 2010 orationi
798 1943 967 2023 immiseet;
988 1943 1132 2029 quamvis
1144 1941 1217 2010 lieet
1228 1960 1318 2027 pree·

172 2045 256 2110 terea
288 2063 323 2112 eo
353 2045 498 2130 excellat,
532 2044 613 2129 quod
644 2047 769 2112 eautiea
790 2045 830 2112 ah
851 2045 962 2113 idonea
984 2045 1054 2112 sede
1075 2046 1194 2112 remota
1214 2044 1316 2110 alieno

172 2147 240 2212 loeo
254 2145 418 2214 ineuleatt
440 2146 555 2214 Omisit
568 2148 668 2232 igitur
682 2147 819 2232 parodon
832 2147 918 2225 (Eur.
932 2166 959 2214 s.
972 2148 1030 2214 121
1042 2147 1103 2231 sq.)
1129 2147 1161 2212 et
1182 2145 1315 2213 alterum

171 2248 321 2314 stasimon
333 2247 376 2332 (u.
389 2247 451 2312 732
462 2250 524 2332 sq.)
546 2247 640 2331 10000
654 2248 729 2327 iure,
751 2249 825 2334 quia
840 2248 880 2315 ad
902 2247 1060 2314 Phaedrae
1081 2249 1211 2314 mortem
1234 2247 1316 2313 allu-

171 2345 226 2414 dit.
271 2347 423 2431 Negleota
444 2351 548 2414 autem
571 2347 685 2432 parodo
708 2349 874 2428 eantieum,
902 2349 985 2434 0000
1008 2349 1131 2414 Amoris
1151 2349 1216 2414 uim
1238 2347 1315 2415 eele-

170 2448 252 2527 hrat,
274 2447 337 2513 iam
359 2447 467 2514 statim
492 2451 563 2533 post
584 2449 715 2516 nutricis
741 2452 772 2514 et
795 2447 953 2515 Phaedrae
974 2447 1164 2532 001100010ῐο
1184 2447 1315 2515 inseruit

171 2567 200 2616 u.
212 2549 274 2615 274
287 2567 344 2631 sq,
368 2547 528 2632 Euripides
546 2549 670 2616 demum
686 2557 756 2634 post
776 2551 892 2617 amoris
913 2549 1314 2634 0001000000100.52500.,

170 2650 264 2732 01000
296 2647 340 2714 ihi
361 2648 474 2731 aptius,
498 2651 645 2733 quoniam
679 2651 737 2716 hoe
766 2651 858 2716 modo
891 2669 978 2718 amor
997 2650 1038 2717 ad
1070 2651 1211 2716 effoetum
1244 2649 1315 2716 red·

169 2749 254 2814 ditus
280 2748 467 2814 illustratur.
516 2749 631 2817 Seneca
657 2754 763 2818 001010
789 2751 840 2818 hie
868 2753 1030 2836 praecipue
1052 2752 1198 2837 quartum
1221 2747 1315 2816 Euri-
1441 2821 1442 2832 ,

170 2847 250 2930 pidis
282 2849 433 2914 stasimon
456 2868 485 2917 s.
510 2852 590 2918 1268
618 2871 663 2936 sq.
693 2852 732 2918 ud
760 2854 904 2920 Amorem
937 2851 969 2917 id
1002 2870 1124 2937 quoque
1158 2851 1315 2934 pertinens

169 2947 351 3030 compilasse
373 2949 506 3028 uidetur,
532 2951 645 3034 011000
668 2951 811 3018 01001ἰο01
832 2954 1015 3019 ornamenta
1036 2953 1068 3017 et
1089 2950 1227 3034 exempla
1247 2952 1315 3016 tra·

168 3047 238 3131 gioo
260 3049 426 3132 exemplari
448 3053 654 3135 repugnantia
677 3050 850 3135 Euripideis
871 3051 1084 3135 agglutinare.
1107 3085 1146 3097 -
1168 3049 1315 3116 lamsin·

168 3147 244 3229 gula
265 3147 440 3230 perlustres.
483 3149 520 3216 ln
553 3150 675 3217 exordio
708 3151 840 3218 telorum
867 3151 993 3218 Amoris
1022 3149 1213 3234 praestantia
1234 3149 1315 3215 eele-
1441 3133 1442 3202 ἶ

169 3245 287 3333 hrator,
309 3266 403 3332 quam
416 3248 577 3334 Euripides
598 3249 757 3336 signifieat
778 3271 807 3318 a.
829 3252 891 3318 530
907 3269 953 3335 sq.
975 3252 1007 3318 01
1031 3251 1120 3329 1271,
1142 3250 1169 3316 si
1190 3245 1314 3332 πτερόν

169 3364 239 3412 eum
263 3347 431 3416 scholiasta
450 3347 545 3431 βέλος
566 3351 790 3437 interpretaris.
833 3352 948 3421 Versus
969 3352 1040 3422 Seu.
1062 3353 1123 3418 331
1146 3370 1192 3436 00.
1206 3349 1311 3417 eodem

167 3446 312 3529 1000001,
336 3469 397 3535 000
420 3450 492 3518 Eur.
515 3471 545 3518 v.
569 3454 651 3520 1272
673 3473 719 3542 sq.
743 3454 798 3537 (01.
813 3473 841 3522 u.
855 3454 918 3521 417
933 3472 990 3540 sq,
1011 3454 1071 3540 irg.
1086 3453 1169 3536 401).
1198 3450 1312 3518 Versus

167 3553 271 3616 autem
301 3549 370 3618 Sen.
399 3553 461 3620 338
482 3571 528 3640 sq.
551 3555 672 3640 copiose
698 3555 851 3642 effingunt
879 3555 953 3622 Eur.
975 3573 1005 3621 v.
1035 3555 1117 3621 1274
1139 3572 1196 3638 sq,
1216 3569 1311 3637 qurum

167 3649 294 3716 eandem
314 3655 502 3720 seutentiam
524 3654 562 3722 de
585 3655 702 3722 Venere
730 3657 826 3724 etiam
851 3655 884 3722 iu
912 3654 1062 3723 animalia
1090 3655 1122 3721 et
1142 3654 1175 3720 in
1197 3652 1310 3736 omnia,
1441 3655 1442 3686 ³

167 3767 246 3835 quae
278 3753 361 3820 terra
393 3753 552 3822 oaelumve
584 3756 755 3842 progignit,
787 3756 969 3824 dominante
994 3755 1094 3822 fusius
1114 3753 1232 3822 1100101
1252 3752 1310 3821 So·

166 3904 365 3920 Q

267 3999 276 4030 ¹
313 3999 355 4055 De
377 4018 459 4056 versu
483 4000 546 4059 San.
573 4006 651 4071 1017,
679 4025 762 4078 quem
791 4026 940 4082 perperam
963 4012 1118 4086 Euripidae
1144 4017 1213 4072 1107
1236 4033 1310 4073 eom·

164 4093 327 4158 posueruut,
346 4088 381 4146 01.
400 4089 458 4147 Leo
476 4092 496 4148 1.
515 4093 534 4148 l.
552 4111 579 4164 p.
597 4095 650 4149 200
667 4114 708 4167 aq.

264 4177 276 4212 ¹
294 4177 383 4234 lluius
398 4197 547 4251 perversae
565 4183 683 4240 rationis
700 4186 803 4245 similia
821 4191 950 4262 exempla
966 4192 1148 4264 suppeditant
1158 4193 1242 4252 nero
1255 4195 1310 4254 fur.

164 4263 322 4338 0111000000
340 4265 376 4326 01.
394 4267 451 4328 Leo
469 4269 489 4328 l.
507 4271 526 4328 l.
544 4288 572 4344 p.
593 4273 653 4330 101.
675 4275 733 4332 161.
