2974 5030
696 307 732 365 67

141 484 195 550 tur
214 517 257 530 -
276 481 405 568 Byblidi
424 481 528 549 autem
553 480 653 549 cauni
677 482 784 566 imago
808 499 862 565 per
882 499 1024 549 somnum
1048 500 1139 567 saepe
1163 481 1291 548 offertur

142 601 171 648 s.
193 582 256 648 470
277 601 323 666 sq.
334 585 354 663 ¹,
381 581 464 667 quod
486 599 558 648 sere
578 579 825 649 Alexandrinum
846 581 901 647 est.
944 579 997 648 Sio
1018 579 1127 647 Medea
1147 580 1288 648 Iasonem

140 685 301 751 insomne
325 682 425 750 oernit
446 680 676 767 (Apothsshod.
698 680 757 761 ΙΙΙ,
780 682 842 747 616
854 679 924 765 sp),
947 699 1027 764 quae
1048 681 1222 766 experrecta
1242 681 1289 748 ita

140 804 170 853 v.
196 787 272 852 636:
294 779 384 870 δειλὴ
406 777 497 869 e'yoiv,
521 772 597 849 οἷόν
614 804 656 866 με
677 784 792 866 βαρεῖς
813 775 984 870 ἐφόβησαν
1004 770 1137 865 ὄνειροι.
1180 781 1289 866 Byblis
1324 823 1329 834 ·

91 929 92 932 =
140 885 293 954 exclamat
315 905 344 954 v.
366 885 443 953 474:
477 878 546 952 ‘me
573 884 734 951 miseram!
768 882 885 950 taoitae
912 882 988 968 quid
1010 883 1080 950 vult
1106 882 1166 950 sihi
1188 884 1289 950 noetis

139 985 281 1072 im'agol’
326 985 420 1070 Apud
447 986 594 1053 Nonnum
628 983 773 1071 (Dionys.
795 983 923 1064 Xthl,
957 983 1019 1050 320
1039 986 1099 1068 sq.)
1131 983 1289 1052 Ariadnae

138 1087 308 1155 somnianti
329 1085 438 1154 'lheaei
464 1087 571 1172 imago
601 1086 753 1172 oeourrit3
786 1104 895 1154 somno
925 1085 1029 1153 soluto
1058 1085 1221 1166 desiderat,
1252 1088 1290 1152 nt

140 1189 246 1256 redeat
266 1188 402 1255 iuounda
422 1189 528 1272 imago
552 1206 579 1255 r.
602 1189 681 1267 3453
710 1187 792 1254 idem
817 1187 924 1274 Byblis
944 1187 1016 1254 aret
1038 1207 1067 1254 s.
1088 1188 1160 1255 480.
1214 1186 1289 1271 Qui·

139 1289 197 1355 hus
215 1287 370 1373 adiungas
391 1287 519 1368 Baoohi,
541 1288 592 1355 oui
614 1285 711 1356 Beroe
733 1287 873 1368 offertur,
896 1287 980 1354 haud
1002 1305 1160 1374 quaquam
1176 1287 1289 1372 pudiea

139 1389 260 1457 somnia
280 1389 372 1474 plane
396 1389 613 1475 respondentia
634 1388 766 1457 Milesiis
799 1389 919 1472 (Noun.
940 1388 1069 1474 Dionys.
1091 1387 1190 1468 XLII,
1212 1389 1289 1456 335:

67 1513 70 1519 ·
139 1490 373 1576 salomonior
395 1484 547 1578 γάμοισιν
567 1485 697 1576 ὁμίλεεν
716 1489 814 1574 κτλ.);
846 1491 998 1558 eroitatus
1020 1490 1169 1558 Somnum
1194 1490 1286 1557 Amo·

140 1611 204 1661 rem
229 1592 377 1662 Venerem
408 1595 562 1679 precatur,
593 1596 630 1661 ut
651 1593 831 1679 voluptates
852 1594 998 1661 resooent
1018 1610 1047 1660 s.
1070 1593 1131 1658 341
1151 1610 1198 1676 sq.
1241 1589 1288 1660 Si·

141 1695 230 1763 milia
252 1696 447 1765 matrimonii
469 1696 585 1783 gaudie
606 1696 770 1765 Morrheus
792 1696 930 1764 somniat
944 1693 1168 1764 onatoomslae
1182 1712 1290 1762 amore
1341 1773 1344 1780 ι

140 1797 354 1866 inflammatus
377 1795 493 1881 (Noun.
516 1799 644 1885 Dionps.
666 1799 815 1880 XXXIV,
837 1800 879 1866 89
900 1797 990 1885 aq.)²,
1017 1817 1079 1884 qua
1100 1797 1215 1865 labella
1237 1794 1289 1864 hio

140 1897 207 1966 ihio
234 1897 435 1984 Euripidsam
464 1898 638 1967 Phaedram
667 1899 757 1966 nobis
783 1897 816 1966 in
844 1896 1026 1966 memoriam
1058 1898 1163 1965 reduci
1195 1914 1288 1981 supra

141 2001 247 2069 notavi
260 1999 302 2086 (p.
317 1999 378 2086 18).
400 2000 542 2087 Denique
563 2000 684 2069 somnia
699 2001 732 2067 in
747 2000 955 2087 huthologiae
976 1999 1096 2067 lusibus
1111 1999 1195 2067 haud
1216 2018 1287 2069 raro

140 2103 309 2170 oeourrunt
331 2101 384 2184 (of.
396 2103 494 2170 Anth.
506 2101 575 2170 Pal.
588 2102 626 2184 V,
642 2103 713 2169 243.
734 2102 809 2182 XII,
834 2104 904 2171 125.
923 2102 983 2169 12?
1004 2121 1034 2169 s.
1050 2103 1070 2167 5
1084 2120 1130 2186 sq.
1147 2101 1285 2183 172).-

140 2203 190 2271 Ad
207 2202 387 2271 chemeium
403 2204 508 2272 autem
524 2204 595 2289 post
613 2204 695 2272 hano
715 2203 940 2289 digressionem
957 2203 1118 2271 redeuutes
1132 2203 1196 2270 iam
1214 2221 1288 2270 oon·

139 2305 270 2374 fidenter
302 2307 476 2374 statuemus
512 2325 581 2373 eum
614 2307 860 2374 Alexandrinum
893 2306 996 2375 neseio
1027 2305 1111 2392 quod
1138 2308 1287 2373 aermon·

140 2410 262 2494 praesto
285 2408 438 2489 habuisse,
472 2428 507 2476 ex
528 2427 589 2494 quo
612 2409 681 2494 plus
700 2428 803 2494 ouem
826 2406 933 2476 inanes
955 2408 1098 2476 flosoulos
1119 2405 1286 2484 deliberate

137 2511 318 2594 praesertim
341 2527 412 2575 oum
435 2510 556 2576 oonstet
583 2510 720 2577 rhetores
749 2510 826 2577 istos
846 2512 984 2578 reoentes
1005 2509 1286 2577 Alexandrinorum

136 2609 252 2679 serinia
285 2609 456 2678 insolenter
489 2609 647 2694 expilasse.
690 2609 860 2680 Memoriae
888 2611 988 2698 igitur
1014 2610 1183 2696 inligamus
1215 2629 1286 2679 eum

135 2710 234 2799 ipsius
254 2712 406 2799 epistulae
428 2731 583 2780 summam
613 2731 669 2780 suo
691 2712 817 2798 quidem
839 2713 942 2783 Marte
968 2713 1076 2800 paneis
1100 2712 1286 2800 significare

236 2813 286 2880 hd
309 2815 484 2881 extremum
504 2814 611 2881 autem
632 2815 714 2880 hune
737 2814 839 2882 looum
862 2816 908 2882 ita
930 2814 1113 2883 oonoludere
1132 2814 1229 2882 lioetz.
1248 2814 1286 2882 In

139 2915 294 2984 ovidiana
310 2915 460 3004 Byblidos
481 2915 590 2984 tabula
609 2935 681 2984 oum
702 2916 804 2984 multa
818 2916 1002 2985 omementa
1015 2917 1114 2986 inesse
1131 2915 1286 3002 erioerim,

140 3097 339 3110 *1-

241 3197 250 3230 ¹
269 3195 399 3255 Phaedra
417 3196 498 3254 iuxta
515 3195 653 3255 Theseum
670 3196 858 3255 dormientem
875 3196 937 3269 ipsa
955 3214 1066 3270 quoque
1090 3214 1188 3256 wmno
1206 3215 1286 3256 ooou·

139 3292 207 3359 pata
227 3287 257 3343 in
273 3287 365 3359 prima
383 3304 449 3344 area
466 3291 677 3358 repraesentata
695 3291 766 3350 erat,
791 3285 816 3343 ei
840 3285 949 3354 rhetori
972 3286 1058 3344 tidem
1083 3287 1168 3345 habea
1186 3288 1286 3360 (Boias.

136 3393 164 3447 p·
184 3377 256 3501 1⁶2³·
268 3464 311 3521 De
334 3464 390 3521 alio
415 3468 583 3520 ornamento
601 3462 793 3520 Alexandrino
818 3462 848 3518 in
872 3463 1072 3522 Chaioomedae
1093 3463 1191 3521 sabula
1211 3462 1286 3521 Non·

137 3552 224 3608 niana
243 3550 278 3609 oi.
298 3552 413 3622 Dilthep
431 3553 450 3606 Ι.
469 3552 488 3607 Ι.
508 3569 536 3622 p.
555 3552 591 3608 70
607 3557 637 3608 et
654 3551 689 3608 ds
707 3552 813 3608 Beroea
832 3550 929 3608 fabule
946 3569 974 3623 p.
992 3554 1035 3609 td.

219 3627 350 3710 ¹⁸(lnre,
365 3645 409 3696 *ne
433 3657 468 3696 ex
490 3639 669 3707 Callimacho,
697 3639 743 3695 oui
769 3641 886 3710 irreptus
904 3641 979 3702 ξέναι
1004 3641 1050 3696 καὶ
1073 3633 1195 3710 depravas
1218 3656 1286 3711 praa
1428 3711 1430 3718 Ι

137 3728 322 3800 popularibus
350 3729 510 3799 plaustrem,
537 3745 632 3784 omnes
662 3733 761 3799 postas
789 3729 926 3801 elepieooa
953 3727 1067 3800 pendas.
1107 3731 1153 3784 An
1180 3729 1211 3784 in
1233 3728 1287 3786 hae

137 3815 300 3888 quaestione
318 3816 390 3872 nihil
408 3816 505 3872 valent
524 3817 652 3889 piaturae
671 3815 841 3887 parietariae
866 3815 970 3873 totiena
988 3815 1136 3887 Hippolyti
1160 3815 1286 3873 fabulam

136 3905 330 3962 illustrantes?
366 3905 493 3974 Aooedit,
521 3905 596 3976 quod
614 3904 786 3976 Lyoophron,
805 3909 930 3961 nostram
954 3904 1081 3961 fabulam
1103 3904 1133 3961 in
1156 3921 1284 3961 ansonem

136 3993 255 4051 deduxit
283 3991 331 4062 (ei.
350 3990 449 4048 Suidaa
468 4011 490 4048 a.
506 3993 555 4064 v.).
592 3993 685 4050 Abest
711 3993 823 4064 quidem
846 3998 969 4074 nugator·
990 3992 1137 4064 Apuleius,
1164 3993 1213 4064 qui
1239 3993 1285 4064 (de
1360 3992 1367 4006 “

136 4081 326 4156 Orthograph.
346 4080 410 4154 §64
428 4099 456 4154 p.
475 4084 507 4138 lt
526 4081 573 4140 Oa.
590 4081 719 4140 Mainake
730 4081 814 4138 Anal.
826 4081 908 4139 Alex.
926 4097 954 4155 p.
968 4081 1032 4153 290)
1049 4081 1123 4154 Lupi
1141 4081 1285 4139 ouiusdam

136 4171 225 4228 Anilii
237 4171 273 4227 de
284 4168 429 4228 Phaedrae
440 4171 600 4243 sororisque
615 4171 723 4228 ultione
741 4171 932 4228 testimonium
944 4170 1094 4229 ementitus
1113 4169 1161 4240 (ai.
1169 4169 1286 4243 Madvig

136 4277 216 4332 opus.
234 4257 312 4317 aead.
331 4257 344 4314 Ι
363 4276 391 4330 p.
408 4260 455 4329 20)
472 4259 567 4317 addite
593 4259 775 4318 ‘Parthenius
799 4255 906 4319 aliter’.
941 4259 1116 4331 Quanquam,
1134 4258 1209 4316 unde
1232 4259 1286 4316 hoo

136 4347 248 4416 habeat,
266 4343 412 4405 nescimus.
