2974 5030
706 333 743 390 05

148 504 207 571 hus
227 503 311 572 hand
333 503 453 572 levibns
474 523 546 571 cum
568 503 724 574 ovidiana
745 508 907 592 congruat.
941 541 982 557 -
1014 507 1132 577 (iinnae
1166 510 1304 596 denique
1332 563 1336 571 .

148 604 274 672 doctum
300 622 472 689 novemque
498 605 588 672 annis
610 606 771 674 elimatum
800 626 838 674 nc
865 607 1052 692 perpolitum
1075 627 1200 677 carmen
1222 609 1304 678 Ori·

147 706 199 773 dio
232 723 294 774 non
323 705 504 787 innotuisse,
536 707 606 792 quis
627 709 683 789 cst,
706 708 760 794 qni
783 709 984 793 pertinaciter
1006 729 1141 778 asserere
1162 712 1304 780 audeat?

148 806 334 892 Quanquam
358 825 456 892 neque
477 808 624 876 carminis
645 809 829 890 obscuritas,
852 810 966 896 qnippe
980 810 1062 897 quod
1081 811 1303 898 grammaticis

147 926 255 975 nerum
275 900 453 994 γυμνάσιον
473 903 521 987 εἰς
543 901 690 997 ἐξήγησιν
712 910 805 980 luisse
824 910 976 993 rideatur,
999 930 1096 998 neque
1110 913 1301 999 fragmenta,

121 1087 124 1093 ,
150 1009 209 1078 etsi
230 1008 419 1094 paucissima
433 1011 563 1091 restant,
585 1011 744 1096 probabile
758 1013 893 1080 reddunt
908 1013 1063 1081 Nasonem
1085 1016 1119 1082 in
1139 1015 1205 1082 cius
1226 1015 1303 1082 imi·

147 1111 267 1179 tatione
288 1110 420 1178 delirum
444 1111 548 1193 luisse,
571 1112 732 1182 redicam
754 1113 793 1181 de
807 1113 937 1183 diversis
951 1115 1096 1184 hercinae
1110 1115 1300 1183 nominihus.

146 1211 257 1299 ltaque
283 1212 376 1294 absit,
409 1213 446 1278 ut
471 1211 520 1280 illi
551 1212 772 1299 epigrammati
799 1214 832 1282 in
856 1214 1044 1284 Crassicium
1070 1212 1204 1285 nimium
1230 1235 1301 1284 mc·

146 1317 244 1386 menti
266 1317 299 1400 ip
321 1317 379 1384 hac
400 1315 581 1403 quaestione
602 1316 784 1385 attribuam.

246 1418 306 1487 Sed
326 1453 367 1466 -
389 1437 427 1486 ne
448 1437 497 1485 mc
518 1417 634 1502 pudeat
657 1417 750 1486 lateri
772 1437 821 1486 me
843 1419 969 1503 nescire,
990 1418 1073 1505 qnod
1095 1420 1232 1488 nescium
1248 1442 1299 1472 ·-

146 1520 278 1590 ulterius
301 1520 487 1589 coniecturis
510 1520 673 1606 captandis
684 1520 829 1608 progredi
852 1522 934 1590 nolo.
968 1522 1062 1591 Vides
1084 1524 1167 1592 eninr
1182 1544 1298 1612 magno

145 1623 343 1692 incommodo
376 1626 482 1691 nostro
518 1623 595 1692 haec
628 1624 732 1692 omnia
763 1623 915 1693 fluctuare
947 1644 1045 1711 neqne
1077 1627 1212 1695 multum
1242 1647 1298 1696 nos

144 1726 262 1793 lucrari
285 1725 374 1792 vanis
390 1725 576 1802 nominihus,
599 1743 730 1810 qnorum
750 1726 933 1794 auctoritati
949 1727 1098 1814 ambigua
1116 1729 1298 1797 testimonia

146 1827 340 1908 succurrant,
372 1825 608 1895 subodorandis.
651 1828 689 1896 ln
717 1827 766 1896 his
794 1830 851 1897 aut
879 1847 969 1896 nemo
998 1848 1136 1916 unquam
1163 1830 1297 1899 certiora

146 1928 225 1995 scire
247 1928 361 2013 poterit
384 1930 441 1995 aut
460 1928 488 1994 is
506 1927 643 2009 demum,
672 1928 727 2013 qui
750 1947 855 1996 omnes
877 1927 1014 1996 cuiusvis
1035 1930 1172 1997 auctoris
1194 1932 1297 1998 trans·

147 2029 369 2097 formationum
399 2029 594 2097 narrationes
624 2047 694 2096 cnm
717 2028 880 2098 Ovidinnis
903 2031 1092 2115 compararit
1112 2034 1144 2098 et
1165 2031 1296 2099 circnm-

146 2130 292 2216 spectins,
321 2150 417 2216 quam
439 2130 514 2198 clim
537 2129 708 2198 Mellmann
721 2133 742 2211 ¹,
774 2130 832 2197 sub
861 2148 922 2199 uno
950 2133 1117 2218 conspectu
1149 2131 1295 2217 posuerit

146 2233 278 2302 Interim
302 2233 443 2302 decuisse
470 2234 547 2302 satis
576 2233 674 2302 habeo
701 2251 771 2300 cum
793 2232 940 2302 Ovidium
973 2233 1052 2302 alios
1083 2235 1224 2303 auctores
1255 2234 1294 2303 ad

146 2336 336 2405 imitandum
348 2336 498 2423 delegisse
519 2337 552 2406 st
572 2335 730 2413 conflasse,
753 2340 821 2403 tum
844 2338 983 2421 apertam
999 2336 1186 2405 affinitatem
1200 2336 1303 2420 inter-¹

147 2439 253 2508 cedere
273 2440 356 2506 inter
376 2441 499 2524 poetam
523 2439 698 2507 Romanum
721 2439 754 2505 ct
775 2438 929 2506 Antonini
950 2438 1101 2507 Liberalis
1125 2439 1292 2520 auctorem,

28 2595 32 2601 .
144 2541 228 2629 quod
250 2539 377 2609 maximi
400 2539 545 2626 ponderis
566 2541 613 2608 cst
633 2540 674 2608 ad
696 2539 912 2626 pensitandam
938 2543 1021 2609 recte
1044 2540 1200 2625 Euripidis
1221 2539 1294 2607 imi·

143 2643 307 2726 tationem,
328 2644 360 2710 in
376 2662 470 2730 qnam
487 2643 584 2710 etiam
599 2642 734 2728 reliquos
752 2642 894 2710 auctores
916 2641 1090 2727 inclinasse,
1111 2641 1186 2709 licet
1203 2660 1294 2726 para·

121 2747 290 2831 phraates
321 2745 399 2812 talin
431 2743 608 2828 reciderint,
641 2743 805 2810 Plutarchi
831 2742 918 2810 locus
946 2761 1040 2828 supra
1061 2742 1178 2810 allatus
1199 2761 1294 2828 argu·

2 2928 4 2937 ¹
144 2850 249 2918 mento
281 2846 338 2916 est.
393 2843 512 2912 Nasoni
548 2845 652 2912 antem
689 2843 813 2912 laudem
847 2842 1023 2912 inveniendi
1055 2843 1294 2928 illustrandiqne

143 2953 230 3020 illius
251 2951 334 3018 inter
357 2948 519 3034 Myrrham
544 2947 575 3014 et
601 2946 754 3014 nutricem
777 2945 925 3031 colloquii
949 2945 1017 3014 iure
1049 2965 1098 3013 me
1126 2944 1293 3014 detraxisse

145 3055 240 3123 etiam
252 3053 315 3120 alia
327 3050 513 3137 argumenta
526 3049 652 3135 cogunt.
675 3049 750 3116 Veri
761 3048 842 3116 enim
856 3047 1143 3116 ducosimillimum
1156 3047 1291 3132 aliquem

143 3159 266 3246 poetam
297 3154 548 3225 Alexandrinum
579 3153 725 3239 Myrrhae
757 3152 865 3220 fabula
896 3153 1033 3250 tractata
1065 3150 1198 3236 gloriam
1233 3149 1291 3218 sibi
1363 3187 1366 3192 ·

143 3260 354 3348 acquisivisse,
377 3256 427 3324 cui
449 3257 505 3324 alii
529 3275 627 3342 neque
649 3255 672 3322 ii
694 3256 831 3339 tantum,
856 3255 910 3340 qui
932 3253 1078 3340 Myrrhae
1100 3252 1166 3321 iata
1187 3252 1292 3338 depin-

142 3364 261 3452 gendae
275 3363 319 3430 ihi
334 3360 569 3446 proposuerunt,
591 3356 733 3442 uestigiis
748 3357 813 3424 eius
833 3355 935 3443 magis
956 3356 1098 3447 minusve
1117 3353 1291 3424 insistentes

143 3485 177 3534 se
199 3463 383 3533 addixerint.
410 3463 457 3530 De
478 3482 540 3548 qua
563 3460 759 3528 conclusione
773 3459 955 3528 confirmate
969 3458 1047 3526 mihi
1062 3456 1290 3544 suliragaheris,

142 3568 170 3635 si
191 3567 223 3632 in
246 3564 369 3650 Scyllas
395 3563 610 3647 descriptione,
645 3561 768 3646 qualem
792 3559 883 3642 Giris,
916 3559 1120 3632 Alexandrini
1151 3557 1179 3625 si
1210 3557 1291 3643 quod

143 3683 281 3753 unquam
308 3665 420 3734 coloris
447 3684 556 3750 poema
577 3663 630 3746 (ci.
654 3661 781 3748 Dilthep
802 3661 823 3728 l.
844 3661 865 3730 l.
888 3682 917 3746 p.
940 3661 1004 3742 69),
1031 3659 1163 3739 exhibet,
1194 3658 1291 3727 corol-

142 3768 214 3837 larii
236 3768 304 3834 leco
326 3785 421 3851 quam
443 3764 622 3834 breuissime
641 3763 747 3848 potero
770 3761 936 3830 nonnullas
955 3780 1027 3830 cum
1042 3759 1197 3829 ovidiana
1209 3759 1290 3845 Myr·

142 3872 200 3938 rha
221 3866 444 3937 similitudines
466 3867 561 3950 atquc
582 3883 634 3932 aas
655 3867 722 3932 tam
745 3864 904 3948 generales
926 3863 1151 3945 monstravero,
1184 3860 1220 3927 nt
1239 3879 1290 3928 sn·

141 3970 273 4060 spicioni
299 3988 353 4056 per
375 3989 407 4037 se
427 3966 572 4048 reicrdae,
597 3966 687 4053 quasi
709 3967 817 4051 poema
838 3963 944 4034 Latini
964 3963 1099 4034 invicem
1121 3981 1154 4031 se
1174 3960 1290 4031 imitati
1371 3996 1378 4010 ·

141 4073 215 4152 sint,
237 4089 299 4138 non
320 4071 456 4155 amplius
477 4070 563 4136 locus
585 4069 790 4152 relinquatur.

242 4172 348 4261 Scylla
369 4171 469 4258 igitur
490 4170 600 4239 furtim
624 4189 640 4238 e
662 4168 757 4238 cubili
781 4186 912 4254 surgens
932 4166 996 4236 iam
1018 4167 1050 4235 in
1073 4185 1108 4236 ec
1122 4167 1179 4250 cst,
1201 4165 1288 4236 utad

244 4396 255 4431 ¹
274 4397 316 4454 De
334 4412 408 4478 caus.
427 4399 457 4453 et
477 4398 584 4452 auctor.
602 4364 709 4449 narrat.
727 4390 762 4449 de
780 4349 850 4474 mut.
869 4388 951 4447 dorm.
970 4388 1047 4462 hips.
1067 4387 1146 4445 1786.
