2982 5006
737 299 773 354 ta

178 473 262 544 Cave
284 475 400 559 summ,
422 491 461 540 na
481 492 516 539 or
539 473 632 541 meris
653 473 805 553 frustella,
839 492 919 559 quiae
940 473 1126 560 compilator
1149 475 1237 561 legit,
1260 478 1324 546 tra·

177 576 321 661 guadiam
342 573 480 641 affictam
501 591 566 639 esec
586 573 753 640 concludas
768 576 787 640 ¹.
924 632 926 636 ,

276 679 312 744 Iu
338 675 457 762 Hygini
482 674 664 741 brevissima
694 673 873 741 narratione
898 674 934 754 (f.
960 675 1016 754 47)
1041 675 1074 741 id
1104 677 1238 746 maxima
1267 699 1323 746 no·

173 781 245 848 tatu
264 779 406 864 dignum,
427 775 510 861 quod
532 775 699 842 criminosa
716 775 873 842 Phaedrae
894 774 1027 860 epistula
1048 781 1321 847 commemoratur:
1347 861 1351 868 ¹
1427 791 1434 811 ⁸

172 875 333 948 ‘Phaedra
352 878 466 945 lilinois
488 878 553 944 lilia
575 877 684 944 Thesei
706 896 783 944 uxor
805 877 1010 962 Hippolytum
1033 878 1210 964 priuignum
1230 901 1321 949 surum
1369 883 1372 888 '

173 981 345 1050 adamarit
388 981 485 1064 Quem
508 999 579 1046 cum
603 998 663 1044 non
688 979 838 1064 potuisset
857 978 898 1046 ad
917 998 1006 1046 suram
1028 980 1192 1065 perducere
1210 983 1323 1050 uoluun-

171 1085 286 1164 tatem,
318 1083 451 1149 tabellas
480 1083 612 1166 scriptas
640 1081 681 1148 ad
705 1081 807 1149 virum
840 1101 930 1148 surum
966 1081 1052 1148 misit
1078 1102 1110 1149 so
1135 1085 1176 1150 ab
1204 1084 1319 1169 Hippo-

170 1186 239 1272 lyto
259 1203 464 1268 compressam
484 1203 549 1248 essa
569 1201 662 1266 seque
683 1182 752 1264 ipsa
773 1183 937 1267 suspendio
963 1173 1110 1250 necavit’.
1144 1185 1319 1270 Epistulam

170 1286 272 1372 igitur
296 1283 443 1351 morienti
464 1283 622 1350 Phaedrae
645 1283 794 1349 adnexam
819 1302 879 1349 non
909 1282 1030 1350 nouisse
1058 1283 1191 1370 videtur,
1223 1285 1254 1352 iu
1285 1307 1320 1354 eo

170 1387 318 1454 videlicet
331 1395 359 1453 'a
381 1384 500 1452 Graeco
529 1384 635 1468 aliquo
659 1383 824 1468 exemplari
853 1383 997 1469 pendens,
1030 1387 1068 1451 ut
1089 1384 1250 1456 Plutarchi
1277 1387 1320 1456 si-

171 1488 256 1555 milis
286 1486 423 1553 brevitas
459 1485 558 1551 vincit
598 1484 715 1552 Parall.
749 1485 828 1550 34a:
874 1485 932 1574 τῆς
965 1483 1002 1551 δὲ
1037 1482 1263 1573 προαιρέσεως
1298 1487 1319 1576 ἡ

168 1581 307 1676 dactylo
335 1577 546 1668 ἀποτυχοῦσα
573 1583 709 1668 ψεεδεῖς
735 1579 816 1650 κατὰ
846 1586 905 1651 τοῦ
935 1580 1111 1675 σώφρονος
1144 1585 1320 1669 ἐπιστολὰς

168 1683 302 1775 ἐχάραξε
322 1687 376 1754 καὶ
395 1681 505 1774 βρόχῳ
529 1680 565 1751 εδ
587 1685 641 1776 ζῇν
661 1676 833 1773 ἀνήρτησε.
878 1687 1047 1756 Gorouilari
1072 1691 1173 1758 locum
1196 1692 1319 1760 scioessa

169 1794 256 1878 puto,
275 1810 338 1877 quio
360 1789 577 1874 compilatores
597 1789 666 1874 plus
688 1790 782 1856 scmel
805 1809 876 1856 neos
898 1809 963 1857 osso
982 1791 1102 1858 ostendi
1122 1810 1150 1861 v.
1165 1794 1318 1880 l3ldaq.:

369 1881 391 1979 ἢ
412 1891 440 1959 δ’
463 1883 512 1971 εἷς
534 1886 665 1977 ἔλεγχον
685 1885 730 1982 ιιι)
752 1889 838 1982 πέσῃ
860 1889 1049 1982 φοβουμένη

369 1996 506 2080 dardeis
526 1991 652 2080 γραφάς
673 1990 798 2080 ἔγραψε
821 1996 874 2060 καὶ
895 1994 1031 2062 διώλεσε

366 2089 492 2164 δόλοισι
516 2088 576 2162 oto
598 2095 689 2162 παῖδ’
714 2095 781 2163 κτλ.

167 2203 230 2269 Hic
251 2201 351 2284 igitur
371 2198 505 2284 epistula
526 2198 600 2264 item
623 2201 825 2283 separatura
847 2201 1020 2286 suuspeudio.
1065 2202 1124 2270 Sed
1148 2201 1242 2268 otiam
1269 2203 1317 2268 ul·
1346 2277 1351 2284 ,

167 2303 266 2372 tarius
289 2291 432 2388 progredi
453 2300 542 2378 licot;
565 2319 636 2367 narn
661 2299 692 2366 ni.
716 2301 808 2368 lallor
831 2301 987 2370 inluurlator
1003 2303 1162 2372 Romanus
1185 2303 1263 2389 legit
1284 2304 1314 2370 iu

165 2406 308 2474 derivato
330 2404 436 2490 aliquo
458 2404 638 2490 examplari:
662 2398 838 2486 heinvelde
858 2403 1053 2490 εἶιιιίιιειλεϊ,
1076 2407 1157 2474 unde
1177 2407 1235 2476 sibi
1260 2407 1315 2474 lurr-

165 2509 213 2576 xit
241 2507 375 2576 tabellae
404 2506 520 2573 missas.
566 2507 688 2574 lltoninr
710 2500 808 2592 ‘quiae
837 2509 1002 2576 morientes
1028 2509 1169 2577 saciando
1198 2510 1317 2594 pracci-

164 2611 266 2695 piunt,
288 2609 344 2676 illa
362 2608 509 2675 dicuntur
524 2608 634 2675 eximie
649 2608 772 2694 quoidam
789 2606 981 2698 ducenariam,
998 2611 1050 2679 aad
1065 2613 1097 2678 ot
1108 2599 1320 2690 dnaooeilcn’g

148 2713 203 2778 'ut
225 2710 417 2778 Valckeuaer
449 2709 502 2793 (ad
530 2710 604 2778 liar.
633 2711 707 2796 Hip.
738 2709 813 2796 858)
845 2713 990 2797 exemplis
1023 2713 1109 2780 nisus
1141 2712 1315 2780 adnotavit.

163 2811 334 2879 Acouueatio
360 2813 465 2879 autem
495 2831 528 2878 ro
555 2829 629 2878 uera
657 2813 827 2880 extremum
856 2813 1017 2880 morientis
1040 2813 1199 2882 Phaedrae
1226 2834 1316 2880 ιιιειι-

162 2913 275 2980 datum
296 2915 398 2980 erat¹.
432 2913 540 2998 Neque
561 2912 592 2978 id
615 2913 884 2996 praetereundum,
908 2913 991 2999 quod
1006 2916 1151 3000 Hyginus
1166 2913 1315 2998 expressis
1410 2987 1414 2991 ,

160 3013 265 3082 ειιΙιίε
287 3012 365 3080 dicit
390 3013 543 3080 Theseum
566 3013 666 3080 lilium
689 3014 722 3080 in
744 3014 884 3082 exsilium
907 3013 1039 3083 eiecisse.

265 3115 312 3180 llo
326 3113 488 3180 Plutarchi
503 3114 559 3181 illo
574 3115 732 3182 Parallelo
755 3116 832 3182 nihil
856 3115 932 3182 curti
954 3115 1113 3184 affirmare
1133 3116 1217 3185 licat.
1249 3117 1312 3185 Pa·

162 3214 263 3283 bellae
285 3233 341 3280 noa
363 3215 504 3282 servatae
526 3214 689 3302 Hippolyti
713 3216 1009 3302 commonefaciunt;
1033 3220 1068 3284 nt
1088 3237 1199 3286 scaena
1215 3219 1313 3284 htho·

161 3315 211 3382 nia
237 3318 294 3395 eat,
327 3333 397 3382 cum
423 3314 544 3382 invenis
574 3317 676 3399 aproto
705 3336 855 3384 novercae
880 3337 986 3385 amora
1012 3318 1063 3385 hic
1084 3339 1137 3402 par
1159 3320 1310 3387 cultricem
1426 3321 1428 3327 ‘

160 3414 301 3483 iudicato
333 3414 474 3482 Athenas
506 3414 630 3500 linquat
665 3419 696 3485 at
729 3417 882 3486 Troezene
914 3419 1054 3487 venando
1087 3419 1186 3488 otium
1219 3422 1312 3487 terat.
1417 3450 1420 3504 ς

160 3514 297 3584 Stobaco
329 3518 466 3593 auctora.
499 3517 552 3603 qui
576 3518 741 3605 ,integram
772 3520 962 3589 narrationis
994 3521 1128 3590 sormam
1155 3521 1276 3590 exhibet
1288 3525 1310 3608 ⁸,

160 3735 210 3807 qni
229 3752 314 3793 antra
336 3739 372 3809 (p.
390 3738 456 3809 449)
480 3755 537 3794 non
558 3737 650 3795 minua
673 3739 818 3797 evidenter
835 3740 990 3814 Euripidae
1007 3740 1220 3800 Phoenimarum
1244 3758 1308 3814 pro·
1337 3749 1338 3754 ’
1363 3809 1365 3813 Α

158 3824 225 3898 logo
243 3825 280 3882 ad
298 3825 495 3884 illustrandum
510 3827 666 3884 Diodorum
685 3829 734 3893 111.
754 3832 789 3886 cc
807 3846 872 3886 usus
891 3836 960 3888 orat.

264 3916 275 3951 ¹
294 3915 335 3972 cf.
353 3915 487 3973 Whaeler
506 3917 525 3972 1.
544 3917 577 3974 l.=
607 3913 676 3973 ‘Sed
700 3916 816 3973 minime
838 3919 960 3989 quadrat
982 3919 1012 3974 iu
1034 3921 1160 3974 noemam
1183 3917 1309 3974 fabulam

159 3999 281 4058 Diodori
298 4004 435 4067 narratio,
455 4003 549 4075 aliqua
567 4023 601 4061 cx
618 4009 700 4077 perte
717 4009 795 4062 certa
812 4006 842 4061 in
861 4024 905 4076 aa,
921 4024 993 4079 quac
1010 4007 1046 4063 da
1062 4001 1308 4063 Valatcaoimna’.

262 4090 335 4148 ¹01.
355 4092 423 4150 Eur.
442 4092 508 4164 Hip.
526 4095 579 4148 eta
597 4111 647 4165 aq..
671 4094 720 4150 ubi
737 4093 860 4151 Theseus
878 4095 960 4152 haec:

406 4175 465 4236 eli·
484 4172 501 4249 ἦ
519 4183 616 4253 λέχους
632 4203 683 4256 μοι
700 4186 747 4238 nol
764 4186 869 4240 τέκνων
886 4180 1033 4245 ἐπιστολὰς

406 4269 533 4342 ἔγραψεν
549 4266 566 4338 ἦ
585 4263 718 4338 δύστηνοι
734 4273 909 4345 ἐξαιτουμένη
915 4293 925 4340 ,·

257 4356 271 4390 ⁸
289 4354 364 4414 Hier.
382 4357 426 4414 dt.
444 4358 493 4430 ⁸⁸3
511 4357 608 4415 audac
625 4358 768 4433 Zopyrum
786 4360 818 4417 tr
833 4353 861 4432 γ’
874 4360 1017 4430 Θησηΐδος.
1048 4359 1158 4418 lacoon
1172 4357 1307 4434 Aglaoph.
