2982 5006
74 483 75 492 ἵ
149 501 341 586 significatas
363 517 427 567 esse
459 497 665 581 existumans;
691 517 762 566 cnm
796 517 869 568 voca
901 487 1013 589 ἐπῳιίῆ
1050 499 1155 585 potins
1185 499 1290 567 incan-

149 605 282 674 tationes
308 601 449 686 magicae
469 599 510 667 ad
537 599 746 668 amoliendum
778 600 918 668 morbum
945 604 1038 687 aptae
1069 599 1289 686 significentur,
1415 688 1418 698 Ι

149 710 185 777 ut
207 704 297 774 aloel
324 702 358 784 (l.
385 702 407 769 l.
432 720 460 785 p.
488 698 542 786 55)
570 699 659 784 uidit,
692 700 839 787 delegans
865 701 905 769 ad
926 701 1018 769 Pind.
1042 701 1135 789 Pyth.
1158 700 1215 786 111,
1241 701 1287 766 51.

149 807 225 894 (91).
258 804 350 890 Soph.
372 801 422 869 Ai.
445 803 516 868 582.
570 800 689 885 Quibus
716 801 792 868 locis
820 802 940 870 adicere
973 802 1048 870 licet
1074 804 1148 870 Idur.
1176 801 1288 870 Phoen.

152 909 245 974 1260:
267 902 374 992 φίλτρ’
396 899 545 988 ἐπῳδῶν,
567 901 600 967 el
621 899 781 969 Plutarch.
798 904 902 969 Amat.
920 905 973 970 16:
995 901 1053 994 τήν
1074 901 1111 970 δὲ
1133 896 1289 989 ἐρωτικήν

147 1006 271 1093 μανίαν,
295 1041 331 1054 -
355 994 395 1069 αὗ
418 995 542 1069 Μοῦσά
562 1025 621 1082 τις,
652 990 714 1068 οὔκ
735 996 847 1088 ἐπῳδὴ
870 1002 1066 1092 θελκτήριος
1087 1002 1289 1089 καθίστησιν.

147 1111 212 1177 Iam
240 1109 267 1174 si
292 1103 460 1190 Euripiden
485 1101 682 1170 verbosatio
708 1101 846 1169 dilucida
877 1095 975 1169 κόσοι
1002 1101 1228 1192 καταστρέφων
1259 1107 1289 1172 ot
1432 1137 1437 1150 ·

147 1202 325 1297 puniuerat
349 1227 383 1271 τι
403 1202 502 1289 τῆσδε
522 1196 697 1288 φάρμακον
725 1194 824 1268 κόσου
851 1203 885 1268 in
907 1203 1060 1271 rationem
1080 1205 1210 1286 vocaris,
1233 1205 1289 1271 du·

147 1311 232 1377 bium
263 1326 327 1374 esse
358 1305 475 1390 nequit,
511 1305 586 1388 quin
613 1305 706 1388 poeta
733 1303 772 1371 de
801 1304 910 1371 morbo
942 1303 1132 1389 depellendo,
1165 1323 1226 1372 nou
1239 1305 1290 1373 'du
1380 1365 1382 1370 .

146 1430 250 1479 amore
274 1408 314 1476 ad
341 1407 433 1474 linem
462 1405 656 1491 perducendo
683 1405 840 1490 coriario.
884 1403 952 1488 Quo
978 1405 1181 1473 fundamento
1206 1405 1291 1474 labe-
1375 1433 1383 1450 .

147 1512 229 1578 lacto
258 1527 399 1576 corruere
429 1509 546 1588 totum,
578 1506 664 1591 quod
693 1508 742 1573 vir
774 1507 884 1574 doctus
911 1506 1010 1574 falsae
1041 1507 1116 1574 hnic
1140 1507 1290 1592 interpre-

146 1612 259 1679 tationi
280 1608 518 1694 transponendis
541 1609 680 1676 uersibus
701 1607 908 1692 superstruxit
928 1607 1107 1688 artificium,
1134 1607 1166 1674 in
1187 1609 1290 1694 aprico

146 1713 208 1790 est;
236 1714 273 1778 ut
293 1694 415 1779 mosam
436 1709 473 1776 de
495 1710 634 1776 versibus
655 1710 801 1777 ara-15
823 1710 889 1776 eius
910 1708 1026 1777 iudicio
1049 1710 1208 1778 Phaedrae
1233 1709 1291 1776 tri·

146 1812 282 1892 bnendis‚
310 1813 348 1880 de
369 1832 431 1898 qua
453 1811 630 1879 coniectura
652 1811 758 1878 actum
780 1811 837 1878 ost.
869 1845 906 1859 -
939 1809 1079 1897 Denique
1100 1811 1133 1879 in
1155 1811 1290 1880 medium

144 1915 299 2000 proferens
333 1916 543 1982 coniecturam
571 1912 649 1979 mihi
684 1912 760 1980 olim
792 1913 970 1999 probatam:
1009 1913 1116 1981 eiectis
1152 1903 1316 1981 versibus'

145 2019 289 2085 soe-15
311 2017 387 2085 istos
409 2017 546 2103 quinque
568 2034 675 2084 sersus
689 2015 834 2083 477-81
862 2017 919 2084 lroc
941 2017 1008 2083 loco
1031 2014 1207 2083 inserendos
1227 2034 1292 2083 asse

145 2117 336 2188 antevertere
347 2120 432 2188 uolui
444 2119 515 2186 aliis
527 2119 600 2185 hnic
614 2119 873 2186 transmutationi
885 2119 990 2186 ioman
1002 2117 1144 2185 veritatis
1159 2117 1291 2203 speciem

145 2241 205 2288 non
227 2221 487 2290 abiudioantibus.
517 2219 577 2300 Me,
602 2219 629 2286 si
651 2238 720 2286 eam
740 2218 844 2286 adbuc
866 2220 1036 2303 probarem,
1064 2217 1097 2285 in
1120 2219 1291 2304 peculiaria

144 2343 213 2391 mea
235 2324 420 2410 argumenta
441 2323 633 2390 saeuiturum
656 2341 730 2403 esse,
757 2341 818 2390 non
841 2323 896 2402 est,
932 2340 988 2388 cur
1008 2320 1143 2406 amplius
1164 2319 1293 2388 demon·

143 2427 246 2492 strom.
301 2425 464 2510 migidum
496 2424 576 2491 esset
609 2423 762 2492 nutricem
795 2423 928 2492 infacete
960 2423 1161 2491 mentientem
1194 2424 1226 2490 ot
1252 2441 1292 2490 no

145 2525 300 2592 levissimo
321 2525 445 2610 quidem
467 2525 547 2592 nutu
574 2524 716 2592 fallacias
746 2523 925 2609 prodentem
953 2522 1107 2591 inducere.
1150 2523 1292 2611 Accedit,

145 2626 226 2711 quod
248 2626 388 2695 Phaedra
420 2626 574 2696 nutricem
602 2624 640 2694 de
671 2624 805 2694 remedio
837 2625 972 2711 quodam
1005 2625 1110 2693 induro
1143 2644 1292 2712 suspensa

48 2789 51 2818 ,
115 2728 237 2805 ,verba
258 2727 421 2796 facientem
455 2745 516 2796 non
547 2727 594 2794 ito
615 2725 813 2813 interpellare
834 2729 946 2812 potest,
980 2725 1070 2811 qnasi
1090 2726 1210 2794 certum
1232 2724 1292 2795 ali·

48 2819 50 2892 i
143 2827 224 2916 quod
245 2828 415 2899 remedium
437 2828 501 2898 iarn
523 2827 562 2897 ad
590 2847 700 2896 manus
727 2827 779 2896 sit.
814 2862 855 2876 -
888 2828 999 2914 Itaque
1032 2829 1134 2914 persto
1162 2827 1195 2896 in
1221 2847 1291 2896 san·

48 2923 50 2932 ’
144 2931 242 3001 tentia
258 2951 326 3001 msa
340 2931 513 3020 adscriptos
536 2952 601 3002 esso
622 2931 677 3001 hos
700 2950 805 3001 versus
827 2950 863 3000 er
877 2932 978 3019 priore
998 2929 1116 3010 labala,
1139 2931 1291 3002 electore

142 3031 295 3114 uidelicet,
321 3033 375 3120 qui
397 3033 512 3102 nutrici
534 3033 575 3102 ad
601 3052 738 3102 amorem
761 3032 941 3102 adhortanti
963 3037 1131 3120 opponeret
1151 3034 1291 3118 diuersos

141 3134 281 3202 nutneis·
293 3153 429 3204 umorem
452 3154 643 3222 compescere
660 3134 803 3204 conantis
824 3153 924 3204 mores
945 3134 978 3203 in
993 3134 1290 3223 alteraHippolyto‚

141 3237 177 3304 ut
205 3257 265 3305 non
292 3239 373 3306 male
403 3240 535 3308 coniecit
557 3237 710 3306 Barthold
740 3239 812 3322 (Bb.
837 3239 917 3307 Mus.
941 3238 1050 3317 XXXI
1079 3258 1108 3323 p.
1131 3239 1193 3307 328
1216 3239 1291 3323 sp).

140 3339 269 3424 -lam,
290 3361 328 3408 ne
350 3343 503 3428 epilogus,
526 3343 579 3427 qui
603 3359 704 3408 meum
727 3341 824 3408 totius
846 3359 977 3408 scaenae
998 3340 1293 3426 interpretationem

141 3442 343 3528 commendet,
366 3443 566 3530 desideretur,
588 3442 674 3526 rogo,
698 3461 772 3508 num
795 3441 871 3509 haec
892 3440 1045 3528 exquisita
1060 3441 1294 3527 quodammodo

140 3543 230 3622 ratio,
253 3562 315 3628 qua
338 3544 509 3630 Euripides,
532 3545 701 3613 artificium
723 3543 902 3628 excogitans
920 3543 1009 3630 quasi
1024 3529 1294 3612 subauscultando

139 3663 159 3710 a
180 3646 292 3713 natura
314 3647 486 3732 acceptum,
519 3646 617 3714 animi
641 3645 801 3714 muliebris
827 3644 990 3712 affectibus
1012 3645 1098 3714 uario
1121 3647 1213 3713 modo
1234 3645 1296 3714 de·

139 3745 302 3832 pingendis
316 3749 431 3817 subtile
453 3749 578 3834 tegmen
595 3750 737 3834 quaerat,
762 3747 826 3815 eius
849 3746 974 3834 ingenio
997 3747 1101 3815 minus
1116 3747 1213 3833 digna
1235 3748 1294 3835 sit,
1378 3803 1384 3815 .

139 3849 273 3932 quamsi
289 3850 408 3934 pingui,
430 3852 467 3915 ut
481 3849 581 3931 aiunt,
603 3849 744 3918 Minerva
766 3850 926 3919 heminam
949 3849 1112 3917 manilesto
1134 3852 1167 3916 et
1180 3853 1295 3936 aperte

138 3947 178 4013 ad
199 3949 361 4017 libidinem
385 3952 507 4035 raptam
535 3955 566 4017 et
588 3951 787 4035 praecipitem
814 3950 914 4023 latom
941 3949 1101 4018 finxisset?
1146 3951 1194 4018 No
1217 3951 1296 4036 quis

94 4069 97 4076 ·
137 4047 236 4133 igitur
266 4051 450 4136 respondeat
481 4069 542 4118 non
578 4051 715 4135 potuisse
748 4049 903 4120 sumniam
937 4051 1036 4119 totius
1066 4051 1245 4136 tragoediae
1271 4071 1295 4120 a

137 4151 228 4231 poeta
249 4150 395 4237 ambigue
418 4151 588 4236 expositam
620 4169 694 4218 esse.
747 4151 805 4220 Cui
837 4151 870 4219 in
895 4170 999 4221 cassa
1019 4151 1178 4220 oculorum
1205 4150 1297 4221 acies

136 4266 197 4315 non
222 4251 333 4319 obtusa
354 4253 431 4334 erat,
462 4252 490 4320 ei
512 4256 595 4321 certa
616 4270 678 4321 non
705 4251 738 4320 in
760 4252 908 4339 ambiguo
936 4251 1179 4338 relinquebatur,
1211 4253 1297 4338 qaid

57 4417 61 4426 .
136 4351 227 4438 poeta
248 4351 356 4434 vellat;
378 4353 560 4440 praesertim
581 4373 653 4426 cnm
671 4353 712 4424 od
733 4353 874 4425 loturum
897 4356 1042 4425 eventum
1062 4353 1296 4427 illustrandum
