2974 5030
718 348 769 403 118

170 526 245 609 tem,
266 525 298 590 in
319 544 382 609 nuru
403 524 494 608 poeta
515 522 736 607 cogitationem
759 521 919 589 deforma
941 519 1077 604 ancipite
1097 519 1178 586 bono
1199 519 1314 585 morta-

170 625 253 691 libus
281 644 390 710 perum
416 627 488 691 tuta
514 624 571 691 illa
598 624 677 691 auiis
704 623 780 688 locis
807 623 850 704 (u.
873 622 933 687 777
954 622 1016 705 sq.)
1041 620 1190 699 illustrat,
1213 622 1315 704 'qoam

33 804 39 810 q
173 725 351 809 Propertius
372 725 405 789 iu
427 724 528 809 Hylae
549 723 686 789 carmine
706 723 745 809 (l,
767 723 822 804 20)
842 722 941 806 lepicle
961 723 1099 788 exornat.
1112 755 1149 768 -
1162 721 1221 788 Sed
1244 739 1315 787 cum

169 844 307 910 aurgurrer
327 824 401 904 iore,
435 825 490 910 qui
512 824 590 891 talia
615 843 676 890 non
698 823 824 890 seorsim
848 843 867 890 a
888 824 972 889 certo
999 821 1133 907 quodam
1161 820 1238 888 certi
1264 841 1316 888 ar·

169 927 312 1010 grumenti
344 927 434 1009 poeta
466 925 618 1009 originem
650 925 781 1009 duxisse,
812 924 866 990 sed
898 943 952 1006 per
980 942 1085 989 omues
1116 923 1216 1006 poesis
1240 921 1315 987 fines

171 1045 314 1093 manasse
334 1044 372 1091 ac
395 1027 568 1110 propagata
589 1043 653 1090 esse
674 1023 865 1090 contendant
893 1021 947 1108 (ci.
970 1023 1030 1088 Leo
1051 1023 1073 1088 l.
1089 1022 1111 1087 l.
1134 1042 1163 1105 p.
1186 1023 1256 1088 165.
1275 1027 1315 1102 7),
1360 1113 1363 1119 Δ
1440 1045 1446 1064 =

42 1167 44 1170 -
171 1127 304 1194 certiora
319 1125 457 1193 subsidia
478 1125 754 1209 circumspicienda
774 1126 858 1191 sunt.
908 1124 994 1206 Quuee
1017 1124 1044 1189 si
1067 1123 1217 1190 seniorem
1241 1124 1317 1190 Phi·
1403 1153 1405 1159 v

170 1228 337 1294 lustratum
366 1227 503 1292 laturum
533 1225 666 1304 affirmo,
697 1226 730 1292 id
753 1226 903 1293 miraculo
928 1244 993 1293 esse
1019 1225 1136 1309 neqnit,
1168 1224 1317 1309 quoniam

170 1330 264 1396 autea
286 1328 350 1395 iarn
372 1329 405 1394 in
427 1327 631 1412 descriptione
654 1327 858 1414 Hippolytoae
880 1328 1028 1495 imaginis
1050 1329 1106 1412 (ll,
1124 1327 1159 1413 4)
1181 1327 1317 1394 Alexan·

170 1431 277 1497 ‹lriuos
291 1431 407 1496 colores
421 1430 595 1514 suspicatus
616 1448 685 1496 sum
698 1433 741 1516 (p.
754 1431 838 1510 58).
863 1430 955 1496 Ubi
946 1429 1007 1514 ugit
1009 1448 1046 1494 ur
1067 1429 1105 1496 de
1126 1429 1226 1496 herois
1249 1447 1317 1495 cor·

170 1553 243 1618 pore
256 1531 344 1599 foeda
358 1531 530 1599 deformato
552 1531 700 1616 exposuit,
721 1531 875 1599 exclamat
896 1531 963 1598 ille:
985 1530 1050 1618 φεῦ
1073 1532 1129 1620 τῆς
1151 1523 1248 1614 ὥρας,
1272 1527 1318 1610 ὥς

169 1623 319 1719 ατρωτὸς
345 1655 395 1711 τις
420 1625 571 1722 ἐλελήθει
597 1648 692 1700 once
725 1632 804 1698 οὐδὲ
825 1627 885 1719 γὰρ
907 1634 963 1698 νῦν
983 1631 1161 1699 ἀπολείπει
1183 1626 1222 1698 eri
1245 1655 1317 1716 μει-

171 1735 293 1852 pomer,
324 1724 439 1798 ἄλλ’
421 1732 602 1818 επιπρὲπει
629 1757 659 1799 τι
687 1732 741 1800 καὶ
767 1738 840 1814 τοῖς
860 1729 1040 1818 τραύμασιν
1066 1729 1316 1818 pulchritudinis,

170 1837 202 1904 in
233 1855 296 1920 qua
323 1834 523 1903 describenda
543 1835 691 1903 Senecam
718 1836 851 1903 multum
881 1855 945 1904 esse
973 1836 1116 1917 uidimus,
1150 1835 1316 1903 manifesto

172 1939 326 2004 rationem
357 1938 490 2013 telense
529 1956 590 2022 quo
622 1937 739 2022 pariter
771 1938 872 2006 tendit
894 1937 1043 2006 Chariton
1066 1938 1317 2022 riphrodisiensis
1394 2021 1396 2026 ι

171 2041 213 2126 (1,
236 2040 268 2124 1)
288 2041 409 2123 praeter
428 2038 561 2106 alierum
584 2039 712 2106 heroum
734 2039 997 2125 pulchritudinem
1020 2039 1225 2126 Hippolytum
1248 2041 1318 2107 lau·

170 2141 259 2221 daus,
282 2161 352 2207 cum
364 2159 426 2225 quio
442 2138 607 2208 Chaeream
625 2130 985 2228 μειράκιόνεῦμορφον,
1006 2135 1141 2207 πάντων
1159 2140 1318 2226 ὑπερέχον
1363 2180 1366 2185 -

172 2244 340 2327 comparet.
383 2243 488 2327 Atque
516 2261 554 2310 ue
583 2244 706 2309 tantum
739 2243 960 2326 amplificantis
982 2243 1139 2328 sophistae
1160 2243 1263 2310 lusum
1285 2244 1318 2311 iu

171 2346 357 2413 Philostrati
378 2343 480 2412 verbis
500 2344 673 2428 suspiceris
706 2344 822 2429 inspice
843 2343 1003 2428 Senecam,
1037 2345 1090 2429 qui
1117 2346 1262 2412 nuntium
1285 2346 1318 2413 in

170 2449 231 2515 line
252 2447 354 2514 tristis
376 2446 565 2514 narrationis
586 2445 812 2513 exclamantem
834 2446 911 2512 facit
937 2466 967 2513 u
992 2448 1087 2513 1110:
1116 2443 1243 2514 ‘hocine
1271 2448 1319 2514 esi
1354 2524 1360 2532 ,

171 2549 289 2616 formae
311 2539 441 2614 decrusl’
476 2547 618 2614 Phaedra
636 2547 711 2613 item
734 2547 997 2630 pulchritudinem
1018 2546 1156 2634 elapsam
1177 2547 1319 2632 deplorat

172 2669 202 2716 u.
225 2651 307 2716 1173
327 2669 388 2733 sep:
420 2648 495 2715 ‘herr
516 2667 575 2728 me,
608 2667 668 2732 quo
695 2649 764 2713 'nus
786 2647 870 2732 fugit
891 2647 982 2714 decor
1004 2646 1155 2734 Oculique
1176 2652 1319 2777 uestrum

170 2739 295 2816 sidusl’
336 2749 471 2815 Theseus
488 2747 586 2814 iter.
611 2749 691 2814 1269
709 2766 773 2831 sq:

369 2865 483 2932 hamne
504 2865 560 2933 illa
583 2865 706 2931 iacies
697 2883 770 2949 ugus
792 2863 909 2930 sidereo
932 2865 1034 2931 nitens

368 2966 496 3033 inimica
516 2966 642 3032 flectens
663 2964 807 3032 lumina?
830 2966 890 3032 leuc
908 2966 1022 3032 cecidit
1043 2967 1156 3034 decor?

89 3065 93 3072 ⁶
172 3087 217 3152 lix
244 3104 307 3169 quo
334 3085 469 3152 efficitur
495 3085 680 3168 cogiturque
706 3084 840 3150 similem
872 3085 1060 3152 sententiam
1092 3084 1126 3150 in
1153 3085 1319 3168 exemplari

170 3187 331 3254 inuentam
356 3206 429 3273 esse,
461 3206 556 3272 quarn
578 3185 790 3253 Philostratus
816 3187 956 3271 picturae
982 3187 1122 3272 eophrasl
1144 3205 1331 3260 accommo·v
1412 3224 1414 3228 v

170 3288 268 3355 davit
303 3323 344 3336 -
380 3289 524 3355 Pallorne
544 3308 585 3354 an
609 3289 642 3353 in
669 3289 750 3354 huurc
776 3289 877 3372 ipsum
904 3289 1008 3356 locum
1034 3289 1157 3374 egregie
1184 3291 1320 3374 quuadrat

133 3387 136 3392 ’
170 3391 266 3456 etiam
287 3389 382 3455 iuno:
405 3388 544 3455 termam·
562 3390 652 3455 breue
673 3389 776 3474 exigui
798 3391 945 3473 temporis
965 3390 1081 3456 bonum
1104 3409 1169 3456 esse
1182 3393 1200 3474 ¹,
1223 3410 1319 3474 quam
1437 3397 1440 3404 '

170 3489 357 3555 senteutiam
381 3489 497 3555 Seneca
517 3489 550 3552 iu
572 3488 694 3554 cantico
717 3489 808 3555 modo
831 3490 959 3556 laudato
982 3492 1014 3556 et
1035 3490 1102 3556 illic
1122 3491 1247 3574 quidem
1270 3490 1318 3554 in·

125 3610 130 3619 ·
171 3588 332 3654 commode
351 3590 491 3654 tractat?
513 3590 557 3669 (u.
570 3588 629 3655 761
644 3595 716 3672 sq.).
761 3589 923 3673 Adspersit
945 3592 1028 3657 eorte
1049 3594 1139 3674 poeta
1159 3591 1319 3656 Romanus

170 3688 244 3754 lruic
264 3688 332 3754 loeo
353 3689 473 3755 lumina
496 3707 566 3755 uere
586 3688 798 3756 Alexandrina
820 3709 849 3756 u.
872 3690 935 3756 764
955 3709 1016 3774 sep:

370 3825 431 3871 nou
453 3807 498 3872 sie
519 3808 611 3890 prata
633 3825 713 3874 nouo
735 3826 806 3873 uere
827 3807 968 3875 decentia

370 3907 499 3974 aestatis
519 3907 639 3974 calidae
660 3908 812 3992 despoliet
834 3927 940 3992 vapor,

368 4006 470 4076 saeuit
490 4008 626 4076 solstitio
648 4027 718 4076 cum
738 4009 857 4076 medius
878 4009 944 4076 alies

369 4112 401 4175 et
422 4111 527 4176 noctes
550 4109 694 4176 breuibm
715 4109 923 4194 praecipitant
943 4109 1062 4193 rotis3-

173 4279 367 4291 ...ου-ιιι.-

231 4389 234 4392 ·
274 4370 285 4404 ¹
303 4369 345 4428 ci.
362 4370 467 4428 Tibull.
486 4371 510 4438 1,
528 4374 555 4428 4.
573 4373 620 4429 lita
640 4371 761 4458 'formae
779 4390 836 4430 non
854 4373 942 4430 ullam
961 4373 1021 4430 late
1038 4373 1141 4430 dedere
1159 4367 1289 4430 moram'.
