2974 5030
50 435 53 442 ’
125 461 248 514 summa
279 461 350 513 cnm
378 445 478 532 specie
510 445 575 516 reri
607 445 725 534 Helbig
755 445 870 516 statuit
884 449 904 517 ¹.
951 445 1044 515 Nunc
1076 445 1202 516 demum
1233 443 1273 514 ad

126 547 254 614 chorum
276 547 479 634 Euripideum
503 553 692 634 praevortar,
726 551 835 636 utpote
856 551 910 636 qui
932 549 971 618 ad
999 550 1131 618 similem
1154 549 1274 634 cogita·

124 649 242 716 tionem
263 648 302 715 de
324 648 428 716 lurore
449 668 469 717 a
490 649 640 718 daemone
661 651 768 736 aliquo
790 650 950 718 Phaedrae
975 649 1089 718 iniecto
1109 648 1274 718 deducitur

124 766 153 818 r.
167 750 225 818 141
239 769 299 836 sq.:
321 744 362 818 cb
379 746 441 837 γὰρ
458 745 586 838 ἔνθεος,
607 736 757 838 danico,
776 753 782 836 Ι
800 743 859 819 si's'
875 748 911 819 ἐκ
924 745 1036 832 Πανὸς
1049 743 1117 819 et'o’
1130 746 1276 836 ἙκάταςΙ
1293 835 1296 840 Ι

124 843 146 940 ἢ
175 853 304 936 σεμνῶν
329 846 549 936 Κορυβάντων
576 859 582 931 Ι
611 855 750 945 φοιτᾷς·
785 852 839 920 καὶ
869 848 995 939 ματρὸς
1025 845 1144 941 ὀρείας,
1177 872 1273 940 quum

126 952 233 1023 Ouidii
255 952 398 1024 Phaedra
420 954 467 1024 ita
488 954 611 1042 effingit
634 955 713 1024 Hem
730 955 784 1038 1v‚
808 955 849 1023 47
871 976 931 1042 sq.:

276 1074 359 1124 nnnc
380 1055 470 1138 feror,
493 1058 530 1125 ut
551 1057 668 1126 Bacchi
691 1057 781 1126 iuriis
805 1058 955 1128 Eleleldes
978 1059 1076 1138 actae

326 1176 465 1244 quaeque
486 1159 545 1226 sub
566 1158 661 1228 Idaeo
681 1159 832 1247 tympana
853 1159 932 1227 collo
953 1159 1094 1237 mosentr

275 1261 333 1328 aut
354 1278 432 1346 quas
454 1259 607 1328 semideae
630 1260 770 1346 Dryades
791 1259 953 1346 Faunique
974 1259 1114 1328 bicornes

327 1360 454 1428 anniae
477 1363 638 1430 contactas
658 1363 820 1430 attonuere
840 1380 906 1430 suo.

125 1465 194 1548 Qua
220 1463 426 1531 similitudine
451 1462 604 1530 iudicium
626 1462 664 1532 do
687 1463 846 1548 Euripidis
872 1463 1062 1532 auctoritate
1087 1462 1179 1530 modo
1209 1462 1275 1528 iac·

125 1567 193 1634 tum
226 1566 398 1635 stabilitur.
441 1565 477 1633 lu
502 1563 566 1633 ciri
594 1566 699 1634 subm
726 1565 821 1635 otiam
846 1565 925 1634 illud
954 1565 1056 1634 similo
1084 1585 1119 1633 ex
1139 1565 1276 1651 Magnae

124 1667 237 1736 Matris
248 1668 397 1754 religione
411 1667 580 1736 deductum
602 1667 771 1749 invenitur,
798 1669 834 1734 nt
856 1669 948 1737 modo
969 1666 1043 1747 diri,
1064 1667 1147 1753 quod
1161 1686 1181 1733 a
1195 1666 1275 1734 Ver·

121 1770 201 1858 gilio
223 1768 314 1857 (Aen.
327 1769 382 1851 IV,
403 1769 548 1855 300sq.)‚
571 1770 622 1837 cui
642 1769 720 1838 illud
741 1768 931 1839 ‘bacchatur
952 1769 983 1838 in
1007 1768 1097 1837 urbe'
1111 1767 1187 1850 (Gir.
1201 1766 1274 1850 167)

123 1873 228 1942 deberi
249 1872 382 1952 videtur,
404 1871 594 1940 translatum
617 1891 682 1940 csse
703 1873 821 1958 nequit.
846 1873 999 1958 -Atqui
1021 1870 1192 1939 cavendnm
1214 1870 1274 1937 boc

33 2027 36 2032 .
122 1974 201 2054 loco,
226 1992 264 2040 ne
285 1973 326 2040 ad
346 1973 545 2058 praecipitem
568 1973 797 2042 conclusionem
813 1973 1014 2059 abripiamur.
1051 1973 1134 2042 Nam
1150 1971 1274 2041 etiamsi

124 2074 282 2161 Euripidis
303 2077 476 2144 auotoritas
497 2095 715 2161 saepenumero
737 2081 888 2162 nuquam
907 2077 1074 2162 perluceat,
1094 2077 1200 2143 tamen
1221 2073 1273 2141 uir

123 2198 220 2246 unum
243 2180 354 2246 horum
376 2181 641 2262 ornamentorum,
675 2198 755 2266 quae
780 2178 872 2247 modo
899 2179 1006 2265 attigi,
1035 2177 1186 2246 eiusmodi
1214 2177 1272 2256 eet,

124 2282 161 2349 ut
182 2301 217 2349 er
239 2282 306 2366 ipsa
325 2281 488 2368 tragoedia
511 2280 597 2348 nullo
612 2284 739 2349 circione
753 2279 962 2349 intercedente
977 2281 1192 2366 depromptum
1207 2296 1272 2346 esse

123 2381 283 2461 videntum
304 2384 401 2451 immo
425 2402 496 2451 sero
517 2383 551 2450 in
574 2382 622 2450 his
644 2383 833 2451 eroticorum
848 2383 1035 2468 scriptorum
1051 2381 1271 2468 proprietatem

120 2484 188 2552 inre
209 2503 375 2570 agnoscere
398 2484 541 2552 solemus.
571 2483 683 2570 Itaque
695 2483 831 2569 simplici
855 2502 920 2564 noc,
938 2484 966 2551 si
990 2483 1066 2569 quid
1087 2483 1187 2562 videor
1210 2483 1271 2549 im·

34 2666 37 2672 ,
120 2585 275 2671 probabili
303 2585 543 2654 ratiocinatione
570 2604 606 2653 eo
633 2585 840 2671 perducimur,
874 2585 911 2652 ut
941 2584 1056 2653 iterum
1094 2583 1270 2652 statamus

121 2685 348 2755 Alexandrinos
368 2685 529 2754 Phaedrae
550 2705 687 2754 amorem
711 2688 848 2754 carmine
872 2686 1050 2763 celebrasse.
1083 2684 1166 2770 quod
1189 2681 1272 2752 Giris

121 2786 304 2873 exemplaris
325 2787 447 2855 auctori
470 2789 502 2854 et
522 2788 616 2855 simul
639 2807 711 2855 cum
732 2787 880 2872 Euripide
901 2787 1043 2868 Senecae,
1076 2785 1197 2872 dequo
1218 2804 1272 2854 sc·

121 2888 261 2956 curatius
273 2888 305 2956 in
318 2889 378 2959 line
390 2908 549 2976 exponam,
572 2890 777 2958 intermarana
798 2889 926 2961 lueritl.
940 2887 1152 2974 -Exemplar
1165 2888 1270 2956 ιιιιιιιι
1315 2921 1319 2927 ·

221 3081 230 3114 ¹
252 3077 418 3134 Untersucb.
438 3077 484 3133 tib.
503 3079 529 3134 d.
547 3077 642 3149 Camp.
658 3077 817 3134 Wsndmal.
831 3095 859 3150 p.
872 3077 931 3133 llll.
963 3075 1093 3134 ceterum
1105 3075 1142 3134 al·
1155 3075 1271 3147 Dilshep

6 3251 7 3254 Ἴ
120 3166 175 3224 Rb.
193 3166 264 3224 Mus.
283 3166 362 3223 XXV
380 3185 407 3239 p.
428 3169 487 3224 163.
513 3197 546 3209 -
567 3167 650 3237 Care,
669 3186 705 3224 ne
723 3168 839 3224 haereas
857 3168 887 3223 in
904 3167 1007 3224 Catuli.
1024 3165 1122 3236 LXIV,
1140 3167 1176 3222 60
1187 3180 1241 3236 soa

270 3275 352 3328 quern
372 3257 471 3328 procul
490 3275 524 3312 ex
543 3257 608 3329 alga
625 3257 739 3312 maestis
758 3256 861 3331 Minois
878 3255 973 3314 ocellis

269 3361 352 3400 saxos
371 3349 404 3401 ut
424 3343 532 3416 effigies
548 3344 710 3401 bacchantis
728 3344 866 3416 prospicit
884 3343 982 3412 cubae,

119 3449 175 3504 quo
194 3434 256 3490 looo
274 3433 344 3489 duas
363 3433 551 3506 cogitationes
570 3434 600 3488 in
619 3450 704 3490 unam
722 3433 857 3491 conflatas
875 3451 935 3491 esse
952 3433 1036 3492 dccet
1052 3430 1179 3501 Ovidius,
1190 3430 1269 3488 onius
1289 3459 1291 3463 v
1365 3512 1369 3521 Ι

117 3521 245 3580 Ariadna
262 3522 362 3579 scribit
380 3522 444 3578 Her.
464 3523 498 3589 X,
517 3524 552 3577 47
570 3540 624 3594 sq.:

267 3617 318 3668 ant
336 3630 388 3685 ego
407 3610 516 3667 diffusis
535 3610 629 3668 cmvi
647 3611 707 3668 sola
725 3611 846 3682 capillis,

316 3701 407 3772 qualis
424 3701 461 3757 ab
479 3700 587 3774 Ogygio
606 3701 717 3758 οοιιοίιι,
732 3701 843 3758 Baccha
861 3701 928 3772 dco;

267 3794 317 3846 aut
335 3807 412 3846 mare
429 3789 604 3861 prospiciens
616 3790 652 3864 ‚in
671 3808 737 3847 saxo
757 3788 863 3862 frigida
881 3788 950 3864 sedi,

315 3894 455 3949 quamque
473 3877 547 3949 lapis
565 3878 653 3948 sedes,
671 3882 730 3935 tam
748 3878 821 3949 lapis
840 3877 903 3948 ipsa
921 3875 972 3932 ini.

218 3965 364 4037 ’Hesyom
384 3965 482 4038 φοιτᾷ·
500 3971 636 4038 μαίνεται.

217 4056 229 4089 ³
248 4055 287 4112 Ut
298 4053 336 4110 od
349 4054 444 4110 Ovidii
463 4053 612 4124 epistulam
631 4072 696 4110 rara
714 4055 910 4112 tantummodo
928 4054 1059 4125 delegare
1076 4068 1194 4124 pestem,
1212 4049 1266 4108 boo

117 4140 284 4199 factumest
302 4141 439 4216 singulari
458 4142 595 4212 epistulae
613 4143 740 4213 materia,
759 4144 789 4198 in
807 4160 864 4214 qua
881 4141 1072 4214 componenda
1090 4145 1185 4197 temen
1200 4140 1265 4196 Ale·

121 4229 261 4371 ιιιὶᾶιίιιι
274 4231 511 4302 exemplar-innon
529 4233 623 4288 minus
640 4233 772 4289 arcessita
790 4248 850 4289 esse
865 4249 929 4288 curn
947 4230 1080 4300 indicaui,
1096 4233 1268 4300 tum-postes

114 4332 167 4387 pro
188 4317 250 4372 abo.
1092 4341 1096 4351 ·
