2982 5006
146 435 235 531 λόγῳ
257 441 310 512 καὶ
331 447 508 530 καταρᾶται
530 446 589 514 τσῦ
615 438 738 524 παιδὸς
763 438 805 512 τὰ
833 435 993 529 ὁρώμενα.
1037 443 1174 512 Attouda
1204 441 1296 510 modo
1441 513 1444 520 ,
1474 491 1481 500 -

84 615 89 628 ,
147 541 294 611 Ovidium
316 545 422 613 eudem
447 546 568 614 ratione
589 565 653 612 rem
675 544 844 625 absolvere,
879 547 916 610 ut
936 564 956 611 a
978 543 1058 611 salsa
1079 543 1297 610 criminatione

144 643 277 729 incipiat
309 663 339 714 v.
370 647 433 714 500
461 648 493 714 et
525 645 640 714 amonis
667 645 992 713 commemorationem
1020 643 1169 711 sermonis
1195 642 1298 710 conti·

146 743 289 812 auctioni
321 745 456 814 mediam
490 745 614 814 domum
647 746 836 830 interponat.
880 744 1009 812 decedit
1039 743 1180 828 denique,
1213 741 1296 827 qnod

146 843 336 931 Hippolytus
357 845 423 932 lpse
444 846 512 914 iata
533 863 590 914 sna
612 863 744 916 narrans
765 844 939 912 inducitur:
973 843 1031 912 hae
1054 843 1222 911 Battiadae
1242 841 1298 910 do-

145 943 246 1012 liciae.

247 1044 333 1112 Num
355 1046 431 1115 baec
452 1046 558 1115 omnia
581 1045 669 1132 panni
691 1045 849 1113 existimas
871 1045 911 1113 ad
927 1042 1173 1112 confirmandam
1195 1062 1298 1111 meam

147 1144 377 1213 conclusionem
391 1146 538 1215 Ovidium
555 1145 748 1214 Callimacho
763 1165 795 1214 se
809 1146 1019 1227 adsis-iusisse,
1040 1145 1080 1214 ad
1095 1145 1183 1212 cuius
1197 1164 1299 1213 exem·

146 1247 217 1333 plan
236 1245 340 1316 action
362 1247 440 1316 illud
463 1248 548 1316 ultro
570 1267 626 1316 nos
649 1247 803 1316 deduxit?
846 1247 955 1334 Neque
980 1247 1081 1333 igitur
1101 1245 1299 1332 praetermit-

145 1348 274 1418 tendum
297 1349 503 1436 Hippolytum
526 1349 659 1436 prologo
682 1368 774 1418 curru
796 1349 951 1418 Troezena
973 1351 1076 1436 petere
1105 1366 1134 1415 v.
1157 1349 1229 1428 506,
1263 1349 1299 1415 ut

147 1450 230 1537 quod
254 1450 358 1519 velati
381 1451 545 1537 Hippolyti
566 1453 619 1536 sit,
651 1451 740 1518 cuius
762 1470 907 1520 scaenam
929 1449 1062 1519 Athenis
1089 1449 1184 1516 iuuisse
1210 1448 1298 1517 esici.

148 1550 264 1618 Hodem
287 1551 430 1636 pertinet,
463 1551 545 1637 quood
567 1551 712 1620 Phaedra
740 1553 897 1638 repulsam
927 1569 1019 1637 aegre
1048 1550 1171 1618 lerens¹
1201 1549 1299 1634 privi-

146 1669 244 1736 gnum
267 1651 406 1719 criminis
428 1653 527 1721 delent
549 1673 579 1722 v.
601 1655 681 1722 503:
699 1649 709 1677 ‘
727 1653 876 1722 indiciiue
898 1654 983 1720 metu
1009 1651 1110 1738 magis
1141 1649 1296 1719 offensane

147 1753 319 1839 repulsaoi’
364 1755 484 1824 dietum
503 1755 627 1842 quidem
650 1755 684 1824 in
706 1757 838 1824 alteram
854 1757 980 1823 tautum
994 1753 1170 1823 Phaedram
1189 1753 1297 1821 cadero
1381 1753 1386 1762 '

89 1871 91 1876 ’
148 1857 181 1924 et
202 1855 327 1941 vulgari
348 1856 598 1943 interpretationi
629 1858 792 1926 convenire
823 1856 993 1925 identidem
1022 1855 1139 1923 monui.
1182 1855 1298 1922 'dotum

148 1961 254 2028 autam
277 1960 380 2028 locum
402 1958 646 2030 Alexandrinam
668 1961 767 2029 antem
789 1960 908 2047 spirans
929 1961 1035 2045 postea
1056 1957 1198 2026 elucebit

248 2063 363 2132 Paucis
383 2062 495 2130 deinde
512 2082 634 2132 neceam
648 2064 696 2133 est
710 2065 840 2148 tangam
855 2063 990 2131 alterum
1007 2061 1173 2131 Fastorum
1195 2059 1299 2128 lecum

149 2163 219 2250 (Vl,
242 2166 303 2232 735
323 2167 393 2250 su),
427 2183 489 2249 quo
511 2162 642 2232 Ovidius
667 2183 686 2232 a
708 2163 899 2248 serpentarii
926 2161 1017 2250 signo
1043 2180 1167 2231 exorsus
1192 2159 1298 2247 paullo

150 2266 240 2354 plum
259 2267 298 2336 de
318 2267 489 2354 Hippolyto
513 2265 690 2352 Aesculapii
713 2264 829 2334 auxilio
851 2265 1054 2334 reviviscente
1081 2265 1113 2333 et
1140 2265 1179 2332 de
1199 2263 1299 2332 divini

150 2367 261 2436 medici
285 2368 378 2437 latis·
400 2370 517 2439 narrat.
560 2369 659 2438 Poeta
682 2369 840 2438 Romanus
862 2367 969 2456 procul
997 2367 1091 2436 dubio
1117 2367 1300 2436 Eratosthe-

150 2490 220 2538 nem
246 2473 369 2556 praesto
390 2472 501 2540 babuit
533 2471 585 2554 (ol.
609 2471 727 2540 Robert
753 2472 911 2540 Hratosth.
935 2470 1054 2540 Catast.
1077 2491 1106 2558 p.
1129 2469 1196 2557 29).
1238 2468 1300 2537 Hic

149 2572 232 2640 euim
261 2576 370 2642 namet
402 2572 667 2655 (ccc.v1.uon.
700 2593 729 2660 p.
753 2572 809 2657 68)
842 2573 914 2642 deos
945 2573 1043 2641 iratos
1075 2572 1180 2654 luisse,
1217 2569 1300 2658 qnod

149 2675 354 2760 Aesculapius
381 2675 541 2742 hominum
567 2676 649 2744 nitas
678 2675 764 2743 ultra
792 2675 859 2744 lata
886 2674 1071 2760 protendens
1101 2674 1208 2758 debita
1239 2673 1301 2741 sibi

148 2776 219 2843 iura
250 2775 460 2844 debilitasset:
492 2776 547 2845 καὶ
571 2777 640 2843 τῶν
665 2779 757 2844 θεῶν
777 2777 951 2860 ’δυσχερῶς
983 2776 1087 2842 ταῦτα
1119 2770 1300 2865 φερόντων,

149 2872 180 2944 ai
200 2870 235 2941 ci
255 2874 346 2959 τιμαὶ
368 2872 654 2964 καταλυθήσονται
675 2869 983 2965 attemptantem
1006 2873 1084 2964 ἔργα
1098 2867 1302 2965 Ἀσκληπιοῦ

153 2976 397 3061 ἐπιτελοῦντας,
434 3000 514 3067 quae
546 2981 700 3067 quomodo
723 2981 865 3068 intellegi
895 2981 1027 3076 debeant
1052 2981 1183 3051 Ovidius
1209 2982 1302 3050 docet

150 3101 179 3149 v.
201 3081 279 3149 757:

206 3205 213 3222 ·
301 3185 336 3251 at
358 3182 526 3270 Clymenus
549 3184 722 3269 Clothoque
744 3183 861 3265 dolent,
883 3185 969 3264 haec,
990 3184 1044 3253 fila
1065 3183 1175 3272 ueneni,

434 3286 495 3364 hic,
519 3285 585 3353 fieri
607 3286 696 3371 regni
717 3285 787 3352 iura
807 3285 928 3352 minora
948 3286 1006 3354 sui.

152 3386 263 3469 Apollo
285 3388 390 3454 autem
411 3384 500 3470 luget
524 3386 624 3453 lilium
647 3385 779 3453 fulmine
800 3405 979 3472 percussum
999 3406 1028 3454 v.
1050 3388 1128 3455 tol:

298 3487 432 3566 Phoebe,
454 3489 642 3572 querebaris.
677 3487 759 3554 Dens
781 3489 838 3564 est,
860 3486 984 3572 placare
1005 3487 1143 3573 parenti:
1221 3541 1227 3548 .

348 3591 535 3674 propterte,
558 3587 624 3654 ficri
646 3588 728 3673 quod
752 3591 848 3669 vetat,
870 3588 935 3673 ipsc
956 3587 1044 3657 lacit.

252 3792 262 3826 ¹
281 3791 314 3847 ln
333 3792 667 3850 communicemus·
692 3800 726 3850 ne
746 3810 779 3850 co
799 3791 912 3864 quidem
931 3792 1090 3863 adducitur,
1120 3796 1157 3848 ut.
1171 3790 1300 3848 Phecdrn

150 3879 202 3935 ulli
230 3880 358 3952 repulsae
384 3881 510 3952 peniculo
532 3898 563 3937 so
583 3887 715 3954 exponat,
742 3887 775 3938 ut
792 3881 924 3939 Wclcker
947 3882 1016 3950 (1.1.
1041 3899 1067 3953 p.
1087 3881 1153 3952 lou)
1177 3879 1300 3951 monuit;

149 3968 293 4114 ἓισίὶιὲαᾱε
315 3987 465 4041 perperam
487 3970 624 4026 conclusit
642 3969 747 4079 Nasoni
766 3969 910 4047 Sophoclis
929 3968 1086 4026 Phaedram
1105 3969 1180 4025 intes·
1200 3986 1300 4024 mnus
1384 3961 1392 3974 ⁸

251 4143 487 4202 ¹Alexandrinos
511 4147 689 4204 mirabilibus
713 4147 875 4203 morborum
900 4109 1093 4202 uacationibus
1116 4143 1300 4216 depingendis

149 4232 344 4292 lubentissime
361 4233 499 4291 institisse
514 4236 639 4306 probant
655 4234 749 4293 Nonni
766 4234 939 4292 imitationes
958 4233 1072 4304 Dionys.
1083 4230 1171 4304 xum,
1188 4233 1243 4290 idi
1256 4250 1300 4304 sq.

149 4320 237 4395 XXV,
254 4321 308 4380 688
324 4340 367 4408 ια.Ι
384 4322 500 4393 XXXV,
518 4325 555 4382 60
572 4342 614 4397 sq.
