2982 5006
223 543 279 613 ani
299 543 491 633 κατηγορίας
510 534 604 630 ἄξιον
624 547 714 634 (Arg.
735 547 808 614 Eur.
829 543 929 634 Hip),
948 566 1011 615 non
1033 545 1151 615 dubito.
1194 549 1239 615 111
1249 547 1372 634 Hippo·
1439 641 1442 646 Ι

222 647 309 732 lptua
338 647 387 714 ira
415 648 613 716 ederesoons
641 645 771 732 stringit
791 667 907 734 ensem,
935 649 1065 715 mortem
1091 648 1237 716 minatur.
1280 649 1371 716 Tune

98 731 111 756 ⁶
222 746 365 814 Phaedra
377 765 407 814 v.
420 747 499 815 710:
519 746 713 834 ‘Hippolyte
731 767 815 814 nune
828 768 878 816 me
893 749 1065 833 compotem
1080 749 1145 816 soti
1160 740 1253 816 faois'
1264 769 1290 836 e.
1302 769 1333 835 q.
1345 769 1369 817 s.

221 846 283 914 His
308 847 451 914 omnibns
467 847 592 916 Musam
612 868 683 917 rere
703 849 859 934 tragicam
875 849 907 916 et
921 847 1039 916 Graeco
1061 849 1152 933 poeta
1168 847 1297 934 dignam
1313 849 1370 917 ud·

221 947 355 1031 spirasse
380 949 429 1015 rel
456 949 494 1030 is,
527 949 582 1034 qni
608 949 746 1017 sensibus
771 949 927 1016 alienatus
948 950 1004 1031 ost,
1034 949 1150 1015 sentire
1170 949 1261 1017 debet
1269 953 1289 1014 ¹.
1331 949 1369 1016 In

127 1053 132 1057 ’
224 1047 388 1133 Hippolyti
411 1051 517 1116 autern
547 1049 710 1117 imoundio
740 1049 839 1115 ablati
873 1047 1140 1131 deprecationibus
1168 1049 1317 1116 introitus
1339 1068 1368 1116 r.

130 1223 143 1234 ¹
205 1148 280 1214 -671
295 1167 341 1232 sq.
362 1147 618 1234 oomponipotest
632 1167 702 1215 eum
719 1147 792 1214 lior.
815 1147 888 1234 Hip.
911 1149 972 1216 601
994 1167 1040 1234 sq.
1062 1150 1095 1216 et
1114 1147 1185 1218 Seu.
1207 1168 1237 1217 r.
1249 1151 1311 1217 715
1322 1168 1367 1234 sq.

219 1267 291 1315 oum
313 1249 388 1316 Eur.
415 1267 445 1316 r.
471 1251 549 1329 653;
580 1250 724 1335 quamvis
755 1249 789 1316 in
821 1250 924 1318 surore
956 1251 1135 1334 erumpente
1164 1248 1368 1318 immoderate

217 1349 414 1435 depingendo
437 1351 542 1419 rhetor
563 1351 726 1436 grassatum
747 1349 799 1416 sit

316 1451 387 1517 Iam
408 1468 481 1517 vero
501 1451 590 1517 filum
612 1449 735 1517 tabulae
757 1450 988 1531 rmtanrandao,
1010 1453 1164 1536 quatenus
1178 1451 1210 1518 id
1224 1452 1284 1519 boo
1298 1450 1366 1518 looo

218 1549 285 1616 lieri
305 1552 417 1634 potest,
438 1553 593 1634 pertexere
613 1549 789 1616 eonveniat
830 1549 927 1616 Poeta
950 1550 1110 1618 Romanus
1131 1550 1246 1617 nodum
1269 1551 1368 1617 neotit

64 1633 69 1638 ⁵
216 1649 335 1735 gladio,
367 1671 458 1735 quem
485 1650 675 1736 Hippolytus
703 1650 802 1717 abieit
827 1669 856 1716 r.
880 1649 959 1732 714,
988 1651 1094 1717 nutrix
1118 1652 1231 1736 arripit
1252 1651 1365 1736 pignus

216 1751 340 1818 sceleris
360 1769 390 1818 r.
412 1751 484 1836 730,
516 1750 659 1818 Phaedra
690 1752 803 1818 marito
834 1753 1060 1819 commonstrat
1085 1753 1126 1820 ad
1156 1753 1365 1837 stupratorem

216 1853 446 1937 coarguendum
468 1872 497 1919 v.
519 1852 582 1919 8911
602 1869 650 1936 sq.
683 1849 774 1918 ·Cnm
800 1850 968 1918 verisimile
994 1853 1038 1919 sit
1055 1854 1197 1938 Aegeum
1218 1853 1251 1920 in
1274 1853 1365 1920 Euri-

145 2009 147 2014 ,
215 1953 297 2037 pidia
318 1952 497 2040 eognorniui
518 1952 626 2020 fabula
647 1951 748 2020 filium
768 1952 868 2037 signis
888 1953 937 2019 sui
955 1953 1078 2038 generis
1097 1954 1269 2039 agnovisse,
1285 1973 1365 2039 quae

196 2052 248 2119 ·in
269 2055 381 2138 oapulo
403 2052 503 2140 gladii
524 2053 659 2134 eburno,
687 2055 724 2118 ut
745 2050 876 2121 Ovidius
897 2052 984 2133 dioit,
1010 2053 1165 2135 rideret¹‚
1199 2054 1301 2122 nesoio
1322 2073 1363 2121 an

201 2158 308 2240 ·poeia
327 2155 487 2223 Romanus
509 2152 620 2221 Graeoi
651 2153 872 2220 anctoritatem
909 2153 1068 2239 amplexus
1100 2154 1151 2236 sit,
1182 2174 1252 2223 eum
1282 2155 1364 2222 buno

76 2243 80 2250 ’
212 2255 316 2341 ipsum
347 2255 489 2342 gladium
520 2253 637 2322 astioni
665 2254 857 2341 illigandum
890 2257 1023 2322 duraret
1063 2255 1163 2340 Quam
1186 2257 1362 2342 opinionem

212 2357 277 2424 alio
298 2357 368 2424 loeo
388 2357 557 2424 stabiliam

312 2458 464 2524 Theseum
486 2457 577 2542 apud·
590 2455 771 2541 Euripidem
793 2475 915 2541 quoque
936 2457 976 2524 ab
999 2457 1107 2524 inieris
1131 2457 1245 2525 redisse
1266 2491 1307 2506 -
1327 2457 1362 2524 in

213 2578 277 2644 qna
300 2578 336 2625 ro
359 2557 435 2626 olim
460 2558 540 2626 ialso
565 2556 606 2624 ad
632 2556 693 2642 irg.
715 2557 778 2622 446
799 2574 966 2640 prouocare
987 2557 1129 2625 solebant
1154 2593 1190 2606 -
1214 2559 1274 2626 Leo
1295 2559 1360 2624 iam

211 2659 357 2744 probarit
378 2658 447 2743 (1.1.
458 2677 488 2744 p.
502 2655 584 2742 1791
618 2657 700 2724 Nam
722 2656 749 2723 si
766 2656 953 2724 Plutarchus
975 2657 996 2724 1.
1012 2657 1033 2726 1.
1055 2659 1230 2727 Phaedram
1253 2661 1429 2727 mariti-m.

210 2757 418 2844 παρανομίας
437 2759 611 2844 exagitasse
632 2758 737 2838 refert,
769 2758 817 2824 his
840 2758 918 2824 nibil
943 2758 1030 2825 aliud
1052 2759 1235 2844 significari,
1265 2780 1361 2845 quam

208 2858 337 2945 ‘stupra
359 2863 392 2928 ot
411 2861 539 2928 illicitos
554 2853 654 2926 toros’
668 2876 746 2944 quos
761 2851 867 2924 ‘miles
882 2857 1009 2925 audatis
1024 2855 1125 2944 prooi'
1139 2859 1360 2927 indeberonte
1449 2879 1453 2886 ·

210 2963 351 3046 qnaemt,
373 2961 507 3030 Senecae
529 2960 622 3030 verba
642 2979 671 3027 v.
694 2960 734 3026 91
756 2977 804 3043 sq.
825 2961 971 3044 arguunt.
1018 2960 1141 3044 Itaque,
1162 2979 1232 3027 oum
1253 2958 1360 3027 ovidii

209 3061 355 3128 Phaedra
375 3062 448 3128 bino
468 3059 654 3145 obiurgandi
675 3060 802 3126 initium
824 3060 929 3142 oapiat
944 3079 973 3126 r.
992 3061 1051 3126 109
1068 3079 1130 3144 squ

359 3159 508 3245 Tempore
530 3161 628 3245 abest,
649 3159 810 3246 aberitque
831 3159 886 3226 diu
907 3160 1082 3245 Neptunius
1104 3161 1208 3228 herosz

407 3263 499 3328 illum
520 3261 655 3328 Pirithoi
676 3261 795 3328 detinet
816 3281 871 3328 ora
892 3262 942 3328 sui

209 3361 289 3428 mibi
307 3361 434 3447 quaidem
456 3361 585 3429 dubium
615 3381 677 3428 non
707 3365 763 3443 eat,
795 3363 872 3447 quin
895 3365 986 3446 poeta
1012 3362 1094 3429 idem
1115 3361 1176 3429 iter
1197 3362 1230 3429 iu
1251 3363 1357 3430 animo

208 3461 334 3546 babeat,
353 3461 429 3528 lieet
443 3461 618 3528 Phaedram
639 3461 686 3528 ita
707 3462 893 3528 seribentem
917 3461 1024 3542 iaoiat,
1046 3463 1197 3546 tanquam
1211 3465 1358 3530 aoonrote

210 3559 338 3627 definire
358 3563 502 3647 neqnmt,
529 3580 592 3648 quo
614 3563 747 3630 maritum
768 3561 925 3646 proiectus
945 3563 1004 3640 sit;
1031 3561 1226 3646 intellegenti
1246 3562 1357 3659 lectori

311 3851 503 3909 'Dives-bium
526 3852 580 3910 boo
601 3853 719 3928 siugulis
742 3853 871 3925 partibus
893 3814 960 3913 aru-
982 3855 1058 3911 inter
1084 3872 1114 3912 aa
1141 3853 1371 3912 oobaoreutibns‘

208 3938 388 3998 artificiosius
405 3941 596 4014 progreditur,
613 3961 697 4013 quam
716 3944 792 4014 apud
810 3941 968 4014 Raoininm,
990 3944 1040 4015 qui
1057 3943 1213 4001 Phaedram
1231 3944 1306 4000 ultro
1324 3961 1354 4000 ne
1375 3936 1385 3983 ἶ

82 4081 85 4086 .
208 4029 294 4086 morti
311 4025 477 4087 offerentem
493 4029 585 4103 fingit.
621 4029 764 4087 Summam
782 4031 871 4104 igitur
893 4031 1014 4102 landem,
1038 4050 1093 4102 qua
1110 4032 1256 4088 Gallorum
1269 4036 1353 4103 poeta

206 4123 325 4189 propter
341 4118 485 4190 miani
503 4117 591 4174 totins
608 4135 724 4175 aoaenae
740 4119 937 4191 gradationem
961 4121 1056 4176 ornari
1077 4120 1149 4176 wlet
1172 4118 1217 4187 (oi.
1237 4119 1354 4192 bearing

207 4205 265 4261 vol.
281 4203 322 4261 17
337 4223 366 4278 p.
384 4207 438 4262 745
456 4205 589 4278 iaobm),
607 4207 713 4264 maiore
731 4208 793 4264 inre
812 4208 918 4266 Graeoo
936 4208 1091 4280 exemplari
1109 4208 1262 4280 impertias.

308 4294 406 4350 ’maa
425 4294 486 4358 vn.
505 4295 558 4352 477
577 4295 613 4352 oi.
626 4294 758 4352 Welokar
775 4296 825 4354 11.
844 4315 871 4371 p.
882 4299 946 4355 787.
982 4297 1016 4353 in
1033 4295 1163 4367 Thyestis
1182 4313 1292 4368 qnoque
1310 4294 1352 4353 ia·

170 4459 180 4474 ο
206 4379 276 4438 bala
290 4381 402 4456 gladius
419 4381 636 4456 naognoaoandi
653 4382 735 4457 signo
751 4383 882 4458 iungitur
897 4387 1051 4443 uonndnm
1070 4385 1212 4458 Hyginum
1230 4382 1251 4442 i.
1268 4385 1312 4443 88.
