2974 5030
752 367 804 422 lta

205 542 250 611 sit
273 561 344 610 cum
370 540 544 628 pulvisculo
569 542 645 610 haec
674 539 807 608 materia
831 557 850 606 a
877 537 954 606 viris
980 537 1080 606 doctis
1096 539 1114 605 ¹.
1165 538 1209 606 dt
1229 534 1354 624 Apuleii

205 643 386 712 memoriam
413 643 591 713 relvicatsm
620 641 723 724 uelim,
758 639 871 728 quippe
893 641 947 726 qui
969 638 1161 726 impudicam
1181 638 1270 707 illam
1299 657 1355 706 nc·
1425 725 1431 736 .

203 761 338 827 veroum,
359 743 492 812 alteram
507 745 692 824 Phaedram,
716 741 867 810 saevienti
887 740 944 808 deo
966 742 1079 808 sensim
1102 740 1354 808 succumbentem
1412 774 1432 832 g

203 845 359 913 describat
379 846 411 912 et
431 845 494 912 ista
520 845 632 913 salutis
662 845 830 929 uultusque
855 843 1056 926 detrimenta,
1089 860 1169 927 quae
1194 842 1227 908 ot
1251 840 1354 926 aegris

203 948 236 1014 et
254 944 434 1013 amantibus
455 947 641 1013 examussim
665 944 868 1012 conveniant:
897 943 1046 1028 pallorem
1068 941 1248 1029 deformem,
1270 963 1355 1010 mar·

123 1076 127 1082 ·
202 1049 307 1116 centes
331 1047 446 1133 oculos,
472 1047 555 1116 lassa
576 1066 689 1132 genua,
710 1045 775 1114 alia
799 1043 981 1114 minutatim
1009 1046 1212 1112 consectetur.
1255 1043 1356 1112 Vaces
1434 1055 1440 1074 ⁸

204 1151 393 1234 postremum
415 1149 481 1216 eius
502 1148 705 1234 loquacitati:
725 1140 889 1216 ‘Crederes
909 1146 941 1214 et
957 1145 1047 1214 illam
1062 1145 1213 1213 fluctuare
1228 1146 1353 1214 tautum

204 1249 370 1336 vaporibus
392 1250 535 1333 febrium,
557 1251 620 1318 nisi
641 1250 723 1336 quod
746 1251 778 1318 et
795 1249 898 1318 flebat
933 1250 1003 1317 Heu
1018 1247 1209 1316 modicorum
1224 1246 1354 1333 ignarae

202 1354 336 1419 mentes!
378 1352 460 1435 Quid
483 1372 579 1420 venae
601 1352 719 1436 pulsus,
755 1351 830 1437 quid
853 1352 966 1418 caloris
992 1348 1244 1434 intemperantia,
1277 1347 1353 1434 quid

203 1451 357 1536 fatigatus
378 1451 535 1520 anhelitus
555 1454 587 1520 ct
608 1452 854 1537 utrimquesecus
881 1452 1018 1519 iactatae
1044 1449 1193 1516 crebriter
1217 1449 1351 1516 laterum
1379 1533 1380 1538 Ἰ

201 1555 330 1620 mutuae
351 1553 602 1622 vicissitudines?
646 1553 686 1620 Di
708 1553 797 1621 boui!
840 1553 942 1636 Quam
970 1551 1072 1620 facilis
1094 1551 1168 1618 licet
1189 1569 1251 1618 nou
1274 1550 1353 1618 arti·

203 1653 256 1722 lici
277 1653 407 1731 medico,
437 1654 538 1722 cuiuis
559 1657 663 1724 tamon
687 1655 781 1722 docto
806 1653 954 1723 Veneriae
977 1652 1131 1739 cupidinis
1153 1651 1354 1738 comprehen-

203 1755 261 1836 sio,
281 1774 353 1823 eum
374 1755 639 1842 videas-aliquem
659 1757 726 1824 siue
745 1756 882 1841 corporis
903 1756 1005 1823 calore
1026 1753 1236 1840 flagrantem’.
1257 1788 1291 1801 -
1307 1753 1361 1819 lix·

203 1857 316 1944 quibus
347 1857 491 1925 omnibus
523 1876 584 1926 ncu
613 1858 750 1944 amplius
777 1857 887 1926 dubito
913 1855 1097 1924 concludere
1122 1854 1154 1921 in
1183 1853 1352 1940 exemplari

134 2007 150 2040 ,
203 1958 259 2028 illo
285 1959 504 2044 Alexandrino,
538 1959 627 2030 cuius
660 1962 747 2029 certa
781 1959 915 2048 vestigia
946 1959 1040 2028 autea
1065 1956 1177 2040 deteri,
1209 1954 1350 2024 Cressam

202 2062 349 2149 puellam,
370 2063 509 2131 omnium
531 2063 650 2150 perdito
670 2064 846 2132 amantium
873 2061 1056 2148 exemplum,
1089 2060 1233 2128 omnibus
1259 2079 1352 2128 orua-

203 2167 378 2233 mentorum
394 2165 521 2235 illorum
543 2165 713 2235 luminibus
735 2166 914 2235 decoratam
936 2163 1047 2242 luisses
1073 2163 1183 2231 contra
1203 2161 1352 2231 Senecam

202 2267 261 2334 boc
280 2268 447 2353 exemplari
469 2288 559 2336 usum
580 2269 662 2336 male
685 2269 828 2337 sedulum
843 2269 1059 2336 ornamentaa
1077 2267 1201 2351 tragica
1216 2264 1352 2334 Camena

62 2423 72 2432 .
202 2368 393 2436 alienissima
425 2369 550 2438 subulae
574 2389 648 2438 suae
669 2390 778 2456 parrum
807 2369 890 2455 aptis
918 2368 995 2436 locis
1021 2367 1222 2435 admiscuisse
1247 2367 1352 2452 eisque

202 2473 361 2557 praeterea
387 2489 458 2539 cum
483 2472 639 2541 coloribus
659 2472 817 2541 scaenisro
839 2470 1013 2557 lluripirlois
1041 2470 1160 2557 pingui,
1196 2469 1231 2536 ut
1252 2469 1351 2550 aiunt,

31 2603 62 2625 ··
200 2571 343 2642 Minerva
364 2574 565 2642 commutatis
587 2575 829 2644 concinnitatem
852 2593 1035 2643 scaenarum
1056 2571 1208 2641 turbasse.
1338 2584 1341 2591 '

300 2675 441 2760 Denique
470 2676 607 2744 eiusdem
638 2676 833 2745 adventiciae
862 2676 941 2744 artis
970 2675 1104 2761 vestigia
1137 2675 1241 2741 tenne
1273 2672 1351 2740 mihi

200 2775 308 2845 videor
327 2777 360 2846 in
383 2781 531 2864 sequente
551 2797 677 2862 111111,
708 2799 771 2866 qua
793 2779 936 2848 Phaedra
956 2778 1065 2847 solitos
1087 2777 1222 2844 amictus
1244 2788 1350 2860 asper·

201 2897 281 2944 nans
299 2878 334 2945 iu
354 2879 451 2948 silvas
472 2880 546 2948 ferri
567 2883 767 2950 stornatum
788 2881 834 2948 ire
855 2881 971 2966 expetit
991 2885 1035 2960 (v.
1058 2879 1120 2948 387
1142 2876 1211 2964 sp),
1241 2878 1348 2964 qualia

200 2977 365 3065 Euripides
386 3001 510 3068 quoque
538 2982 669 3051 doncmt
702 2983 755 3070 (cl.
777 3003 806 3050 v.
829 2985 889 3052 201
912 3001 959 3069 sq.
981 2983 1043 3050 215
1064 2983 1135 3068 sp).
1178 2979 1239 3050 Sed
1259 2981 1351 3064 poeta

67 3060 75 3164 ’Υ
200 3081 363 3149 Romanus
393 3101 459 3150 rem
493 3083 593 3152 laceto
629 3083 764 3169 qrrodaru
798 3085 942 3153 acumine
973 3083 1089 3163 condit,
1126 3101 1197 3150 cum
1231 3081 1352 3166 Hippo·

199 3181 267 3266 lyto
291 3183 462 3251 Amazonis
491 3183 556 3251 lilio
580 3185 716 3269 puellaru
739 3186 934 3254 Amazonum
968 3184 1078 3251 habitu
1108 3182 1272 3268 procedere
1300 3201 1352 3250 er·
1407 3251 1410 3256 ,

200 3284 356 3367 petentem
378 3285 594 3353 accommodat
617 3288 661 3362 (1.
683 3287 746 3353 399
768 3289 848 3372 sq.);
878 3284 962 3371 quod
984 3284 1106 3370 tragico
1128 3284 1294 3368 exemplari
1316 3301 1352 3352 eo

198 3385 404 3455 confidentius
431 3388 559 3474 obrogo,
591 3408 653 3473 quo
685 3388 809 3474 planius
836 3388 984 3456 iunctura
1014 3385 1095 3454 male
1119 3384 1243 3454 occulta
1265 3405 1351 3454 com·

200 3485 364 3571 pilatorum
390 3487 504 3572 prodit.
546 3488 705 3556 Nimirum
735 3507 842 3557 comae
870 3488 1013 3570 solutae,
1047 3506 1126 3573 quas
1152 3486 1209 3554 illa
1236 3488 1352 3554 temero

199 3586 299 3655 iactas
320 3589 436 3655 collum
460 3606 643 3674 umerosque
663 3589 845 3674 perfundere
877 3589 964 3675 cupit
996 3590 1039 3670 (v.
1063 3586 1151 3673 394),
1184 3588 1350 3655 manifesto

198 3689 382 3780 obstrepunt
404 3690 599 3758 Amazonum
622 3690 720 3757 comis
747 3690 780 3756 in
809 3690 925 3758 nodum
955 3690 1098 3777 religatis
1131 3685 1174 3774 (v.
1197 3690 1258 3755 401
1281 3689 1351 3773 sep).

198 3788 343 3858 Alterum
364 3789 432 3859 siue
452 3790 546 3861 dubio
568 3793 609 3860 ab
623 3793 771 3878 llrrripide
793 3793 846 3871 (el.
862 3812 891 3862 v.
902 3792 979 3876 202)
1001 3792 1165 3860 mutuatus
1187 3791 1250 3870 eat3
1272 3790 1353 3858 alte·

198 3909 269 3958 mm
291 3927 332 3940 -
353 3893 437 3962 unde
458 3893 574 3962 babet?
595 3893 822 3963 Alexandrinos
844 3893 975 3964 erotioos
997 3894 1067 3980 sols,
1089 3912 1161 3962 cum
1181 3892 1238 3960 illo
1261 3910 1352 3978 prae·

197 3992 289 4078 cipue
310 3995 449 4081 tempore
469 3996 603 4065 venandi
623 3997 763 4065 studium
785 4016 822 4065 ac
838 3998 982 4084 voluptas
996 3996 1149 4082 floreret⁸‚
1170 3992 1369 4063 fastidiosas·

233 4233 234 4236 ’
300 4231 372 4289 ι111.
391 4232 1095 4310 11111111]1.1.ρ.7οη.110111111.1.ρ.11711.
1124 4233 1244 4293 Brevius
1252 4232 1351 4306 Byblis

199 4321 271 4380 talia
286 4321 369 4397 sigua
385 4327 501 4381 enarrat
518 4322 569 4380 0v.
581 4323 649 4382 ldet.
666 4324 716 4398 1x,
734 4327 787 4383 111
800 4343 841 4398 aq.
1012 4343 1017 4352 ·

298 4411 493 4488 ’0111111111
511 4413 738 4491 Untemucbuug.
756 4434 784 4491 p.
803 4418 856 4473 174
874 4434 917 4490 sq.
948 4433 954 4448 ·
