2974 5030
733 360 784 414 102

229 523 248 584 '¹²'
283 535 399 600 Vomm
422 533 481 598 boo
501 532 569 598 loco
589 531 755 616 dissipatas
776 529 1006 596 ohservationes
1027 527 1213 595 concludens
1233 545 1329 592 usuum

183 739 355 808 luctantem
365 737 492 824 eiusque
506 735 596 823 quasi
614 734 759 802 natrrram
782 734 814 800 et
829 733 892 798 vim
913 731 1003 799 anxie
1024 729 1133 798 rimari
1157 749 1194 798 ac
1211 730 1332 797 ratione

183 843 326 929 frangere
346 842 534 916 conantemr
567 839 600 906 in
622 856 683 924 quo
705 833 899 922 depingendo
923 833 1056 902 rnaxime
1076 833 1159 920 apud
1184 831 1330 902 Ovidium

182 947 292 1031 utpote
310 944 482 1012 uberiorem
495 943 638 1027 'poetam
660 941 711 1008 cui
728 939 893 1007 nonnullas
912 937 1163 1006 narratiunculas
1177 935 1332 1021 arrbiunri,

42 1033 58 1042 ’
182 1046 341 1132 Euripidis
367 1045 588 1114 auctoritatem
608 1043 712 1129 rongi
734 1061 821 1128 posse
845 1040 1032 1128 significavi.
1075 1041 1174 1126 Atqui
1207 1041 1240 1107 in
1272 1039 1332 1106 lrao
1387 1109 1391 1116 ,
1472 1051 1474 1060 ·

183 1170 217 1216 re
238 1149 317 1214 nihil
341 1167 416 1214 saue
445 1148 507 1227 est,
539 1145 622 1230 qnod
648 1144 826 1219 demireris;
856 1141 1004 1227 quioniam
1028 1142 1191 1228 Euripides
1212 1142 1332 1227 primus

183 1269 320 1320 amorem
342 1248 482 1316 omnium
506 1247 604 1315 animi
628 1245 897 1332 perturbationum
921 1243 1223 1310 vehementissimam
1245 1243 1333 1309 solli·

182 1352 246 1419 cite
277 1349 316 1417 de
346 1369 380 1416 se
409 1350 476 1434 ipso
512 1347 784 1432 argumentantem
817 1347 849 1412 et
878 1346 1030 1430 tauqmm
1063 1345 1111 1410 sui
1144 1344 1203 1411 sibi
1236 1344 1334 1411 ratio·

182 1473 253 1522 nem
272 1451 398 1520 reddere
419 1451 595 1518 studentem
617 1449 650 1516 in
670 1466 814 1516 scaenam
835 1447 963 1514 dedruit
995 1447 1122 1513 minime
1151 1445 1274 1531 quidem
1297 1463 1333 1512 eo

182 1573 284 1632 sensu,
305 1555 342 1618 ut
364 1553 451 1619 recta
472 1551 553 1617 ratio
574 1549 740 1617 libidinum
762 1549 914 1632 impeturn
938 1547 1104 1628 cohiberet,
1125 1547 1158 1612 id
1180 1546 1263 1632 quod
1285 1547 1301 1612 f
1318 1581 1334 1597 ·

183 1654 287 1720 cetum
313 1651 405 1719 illum
433 1649 586 1718 comicum
607 1649 826 1716 Atheniensem
852 1647 893 1714 ad
920 1647 1121 1713 deridendum
1149 1647 1218 1731 plus
1238 1647 1333 1714 semel

182 1755 352 1822 inliuiehat
405 1753 517 1838 Itaque
548 1751 619 1819 inde
650 1751 691 1818 ah
724 1749 871 1834 Euripide
904 1750 971 1817 toto
1004 1767 1116 1833 genere
1141 1747 1334 1815 disiunctum

5 1921 14 1930 ,
90 1897 94 1902 -
184 1855 333 1922 habemus
352 1871 490 1921 amorem
511 1870 632 1919 merum
654 1870 777 1918 sensum
800 1852 832 1918 et
853 1868 990 1918 amorem
1012 1849 1109 1917 animi
1131 1851 1250 1917 motum
1266 1869 1335 1934 per·

183 1955 357 2039 turbatum,
389 1972 450 2040 quo
482 1952 660 2022 accuratius
696 1972 790 2038 qurum
823 1952 997 2037 elegantius
1020 1951 1156 2018 Bulueri
1182 1951 1334 2019 iudicium

184 2057 370 2124 adumbrare
390 2059 521 2124 conatus
542 2074 611 2122 sum
623 2054 643 2122 ¹.
668 2088 711 2102 -
733 2055 838 2140 Atque
857 2054 917 2121 huo
938 2053 1153 2120 observatione
1175 2052 1269 2119 simul
1291 2052 1335 2120 eis
1433 2137 1435 2142 ι

185 2156 397 2227 dubitationes
417 2156 540 2226 evulsas
563 2157 654 2242 rulo,
686 2155 740 2242 qui
768 2155 982 2240 praeiudicata
1003 2157 1035 2222 et
1055 2155 1195 2240 captiosa
1216 2173 1335 2240 semper
1381 2176 1385 2182 ·

184 2259 219 2327 in
247 2259 297 2328 his
326 2260 417 2328 rebus
449 2259 593 2345 opinione
625 2257 852 2343 circumscripti
883 2277 921 2326 ao
945 2258 1066 2344 decepti
1090 2258 1130 2324 ad
1152 2256 1335 2342 explicanda

185 2363 249 2430 ista
271 2364 455 2430 ornamenta
482 2363 614 2429 naturae
642 2360 732 2447 quasi
760 2359 852 2428 tidem
882 2360 1036 2430 testentur
1067 2359 1133 2428 stili
1163 2378 1336 2444 congruen-

184 2465 264 2532 tiam
288 2465 515 2552 neglegentes¹.
559 2466 608 2530 An
638 2482 710 2531 casu
739 2461 876 2530 evenisse
898 2462 1045 2548 opinaris,
1066 2464 1157 2530 utin
1180 2462 1335 2530 similibus
1369 2525 1377 2534 .

185 2568 324 2653 antiquis
347 2567 463 2634 fabulis
489 2567 589 2651 iisque
615 2565 722 2632 liberis
743 2565 784 2632 ab
806 2565 965 2650 Euripidis
988 2566 1179 2633 arroteritate
1200 2584 1262 2632 non
1282 2584 1336 2633 oc·

186 2672 314 2736 cremant
334 2669 478 2739 similia?
520 2668 674 2736 Pindarus
695 2669 787 2745 certa,
810 2668 864 2752 qui
886 2667 1012 2734 uberius
1026 2667 1336 2754 Hippolytaehcasti

186 2770 290 2838 rueris
315 2770 541 2838 clandestinam
562 2770 723 2837 libidinem
745 2769 893 2856 dolosque
922 2771 1058 2850 1111111,
1091 2769 1151 2837 sibi
1183 2770 1337 2854 temperat

186 2872 227 2939 sb
251 2871 311 2940 hao
338 2872 590 2958 amplificatione.
632 2873 741 2958 Neque
773 2871 885 2958 Myrtie
916 2871 1050 2956 poetria,
1083 2871 1171 2938 errius
1201 2868 1337 2938 similem

288 3082 391 3138 '‘The
412 3083 577 3140 distinction
604 3084 730 3140 between
755 3085 819 3141 love
846 3103 877 3140 as
901 3102 918 3141 a
946 3084 1059 3156 passion
1088 3084 1144 3140 and
1172 3084 1236 3141 love
1264 3104 1294 3142 as
1321 3105 1338 3142 a
1407 3143 1408 3146 ,

186 3168 369 3242 sentiment’3
400 3172 634 3229 1111111111.
661 3191 689 3244 p.
709 3176 753 3230 hh.
772 3178 798 3229 1.
835 3174 868 3229 E.
889 3173 1009 3230 Mueller
1027 3174 1125 3230 Gesch.
1144 3173 1171 3229 d.
1189 3173 1290 3230 Theor.
1309 3175 1336 3230 d.
1380 3176 1382 3181 ’
1425 3236 1431 3242 ,

185 3261 280 3317 Kunst
297 3261 325 3316 b.
343 3259 371 3316 d.
391 3259 449 3316 Alt.
468 3258 482 3314 1
499 3277 528 3331 p.
547 3260 598 3315 146
616 3277 656 3332 sq.
678 3289 711 3302 -·
730 3260 913 3317 Fabututures
933 3278 1043 3332 quoque
1056 3261 1261 3318 Alexandrinos
1280 3267 1337 3319 tra·

185 3349 243 3420 gisi
267 3350 395 3420 exemplo
418 3366 482 3404 usos
504 3350 624 3405 amentis
647 3350 735 3406 animi
763 3349 971 3421 perturbationi
1000 3345 1084 3405 νόσου
1110 3369 1212 3407 nornen
1241 3352 1337 3408 indere

186 3436 419 3492 animadvertisti.
455 3438 496 3491 At
513 3453 589 3502 aare,
607 3453 643 3492 ne
661 3437 727 3492 inde
745 3454 808 3492 oum
819 3437 930 3493 Rohdio
949 3435 1008 3506 (1.1.
1022 3439 1116 3508 pte),
1134 3439 1337 3511 ouilsimhurg·

186 3525 321 3581 Brouwer
341 3523 472 3596 (histoire
489 3525 524 3581 du
542 3524 571 3580 la
589 3524 689 3580 civilis.
710 3525 737 3580 d.
757 3526 841 3582 Graes
860 3525 874 3580 1
892 3543 920 3597 p.
940 3527 1004 3596 161)
1029 3525 1161 3597 praeivit,
1189 3528 1338 3584 concludas

187 3614 307 3671 Graecos
325 3613 480 3684 quemlibet
497 3632 621 3670 amorem
645 3632 698 3686 pro
716 3615 847 3671 morboso
865 3613 952 3671 animi
970 3614 1071 3672 atieotu
1090 3615 1229 3672 hahuisse.
1265 3616 1337 3672 Nam

186 3702 247 3758 iere
270 3702 300 3757 in
324 3702 454 3758 omnibus
481 3702 526 3758 his
553 3702 687 3772 exemplis
713 3704 808 3776 agitur
833 3703 868 3758 do
894 3704 1026 3775 cupidine
1050 3710 1168 3760 naturae
1192 3722 1338 3762 morumve
1434 3719 1438 3730 '

186 3791 296 3862 legibus
313 3795 507 3862 repugnante;
537 3809 573 3847 ne
590 3795 709 3863 excepto
727 3792 841 3862 quidem
859 3793 989 3848 Herculis
1008 3793 1038 3847 in
1056 3793 1133 3848 lolcn
1156 3811 1260 3864 amore,
1287 3795 1336 3865 qui

188 3880 337 3936 Deianirae
348 3880 464 3936 illicitus
475 3880 566 3938 rideri
579 3881 685 3937 debuit
713 3880 820 3951 Quibus
840 3882 864 3937 si
881 3883 965 3954 plura
983 3887 1132 3938 contexero
1147 3883 1283 3952 studeam,
1302 3883 1338 3940 (11
1390 3932 1399 3939 .,

186 3969 291 4026 amoris
309 3975 421 4041 natura,
439 3971 550 4042 qualem
564 3970 664 4028 Graeci
677 3971 778 4028 animis
795 3971 1068 4045 comprehenderint,
1085 3972 1126 4029 ad
1141 3973 1336 4044 philosopham

187 4059 349 4133 indaginem
366 4061 545 4132 proiecturus
563 4061 671 4133 videor,
701 4081 794 4134 quam,
822 4063 889 4119 licet
907 4063 937 4120 in
956 4063 1118 4136 regionibus
1136 4062 1337 4121 amoenissimis

187 4150 299 4205 mimas
315 4149 490 4222 peregrinari
508 4155 632 4221 expetat,
654 4151 690 4206 ab
708 4153 790 4208 huius
809 4153 863 4210 looi
881 4153 1019 4225 angustiis
1037 4171 1186 4225 segregare
1204 4153 1301 4209 malui.

287 4238 300 4272 ³
316 4236 466 4294 Subtiliter
483 4242 513 4293 et
530 4242 611 4294 acute
624 4237 723 4296 Rohde
740 4240 802 4311 (1.1.
814 4258 842 4312 p.
854 4241 915 4310 161)
935 4240 1008 4296 hana
1025 4239 1219 4310 quaestionem
1231 4239 1337 4312 tetigit.

288 4325 453 4391 ’11111
476 4325 590 4397 16(16)
612 4345 667 4398 sq.;
697 4328 898 4398 1111111111,
923 4331 959 4385 16
976 4330 1034 4398 (91)
1054 4347 1094 4400 sq.
1137 4328 1267 4400 Apollod.
1285 4328 1336 4395 111,

188 4414 276 4470 118.
311 4411 748 4486 &hotmannessun
785 4413 878 4474 Sohol.
894 4417 985 4474 Arist.
1002 4416 1077 4473 hau.
1097 4417 1175 4473 1068.
