2974 5030
721 346 773 402 1⁰⁰

174 513 261 582 dium
283 514 317 581 iu
337 511 498 582 Phaedrae
518 513 652 599 epistula
673 513 819 599 fingenda
849 512 1087 597 eroruandaque
1107 511 1215 597 aliqua
1238 514 1322 581 certo
1421 501 1423 509 ⁴

171 635 208 692 ex
240 619 329 702 parte
359 615 487 682 illomm
507 615 697 683 imitatorem
719 634 752 682 se
772 613 964 700 praestitisse
977 616 998 700 ¹,
1029 616 1062 681 et
1083 613 1262 682 Choricium
1285 614 1317 681 in

170 716 310 802 euphrasi
332 716 482 784 remanda
504 715 733 801 colorandaque
764 715 869 782 totum
890 733 923 781 se
940 714 981 782 ad
1002 714 1248 783 Alexandrinum
1270 714 1320 781 fa·

58 869 63 874 -
170 819 262 886 bulas
289 817 460 886 amatoriae
481 817 605 885 schema
627 817 843 902 composuisse,
875 835 969 902 quam
991 835 1051 884 non
1074 815 1137 885 iam
1160 817 1320 884 dubitabis

169 920 246 1004 ipsis
268 919 431 1004 Hippolyti
446 953 450 960 ·
463 920 495 984 et
521 918 681 985 Phaedrae
708 918 886 985 nominibus
905 917 1060 984 decorare.
1082 953 1122 964 —
1147 918 1198 985 Ad
1219 919 1319 986 extre·

169 1038 256 1085 mum
278 1020 382 1085 varios
402 1017 532 1084 affectus
554 1019 697 1098 obseura,
725 1018 838 1102 quibus
866 1017 975 1086 ldanto
1000 1019 1070 1102 post
1091 1018 1246 1104 repulsam
1270 1036 1318 1085 ra·
1377 1104 1381 1109 ι

168 1120 281 1204 pitur,
296 1138 408 1202 eosque
429 1127 535 1184 omnes
555 1119 616 1184 huuc
637 1111 841 1200 erumpentes,
868 1119 905 1182 ut
926 1118 1040 1184 acriter
1062 1119 1265 1185 excandescat
1284 1119 1318 1184 in

169 1220 320 1288 ultionem
343 1218 488 1286 iuuenilis
509 1217 620 1300 fustus,
641 1217 694 1302 qui
716 1221 785 1285 orat
805 1217 936 1285 infestus
958 1217 1069 1304 prioris
1081 1217 1241 1286 Phaedrae
1251 1219 1318 1286 ani·

169 1341 248 1389 mus
291 1319 392 1387 Simul
413 1317 518 1400 Ovidii
548 1318 697 1388 memoria
727 1318 838 1402 eurique
869 1318 1009 1384 animum
1041 1320 1153 1403 tanget
1181 1309 1318 1399 caussam,

169 1443 233 1506 qua
255 1420 399 1486 Phaedra
426 1419 605 1502 priuignum
630 1437 753 1502 pessum
780 1418 913 1498 dederit,
943 1437 1015 1485 cum
1044 1419 1240 1487 dubitatione
1271 1421 1318 1487 ita

167 1519 376 1608 significantis
398 1519 473 1586 Met
495 1517 566 1594 XV,
586 1519 664 1586 503:
697 1510 864 1586 ‘indiciiuc
893 1522 979 1587 metu
1012 1518 1123 1605 magis,
1160 1518 1319 1587 offensane

146 1614 366 1707 'repulsaret''

267 1723 369 1805 Quam
402 1722 490 1790 nulla
525 1725 630 1790 autem
668 1723 818 1807 religione
850 1723 967 1790 veteres
1003 1722 1193 1790 fabulatores
1231 1724 1318 1791 soliti

167 1823 232 1890 aiut
252 1823 382 1891 eandem
412 1824 622 1891 demtionem
650 1824 782 1890 mutatis
811 1823 989 1890 nominibus
1020 1823 1204 1906 instaurare,
1239 1825 1317 1892 Par·

90 2121 93 2125 ,
267 2057 278 2090 ¹
296 2057 360 2114 lion
377 2073 442 2112 mro
460 2054 598 2126 epistulae
616 2053 770 2110 amatoriae
783 2052 886 2109 fabulis
898 2054 1112 2110 romanensibus
1124 2054 1317 2111 intermiscen-

166 2152 229 2218 tur;
256 2164 324 2219 erge
349 2163 385 2201 ue
408 2161 544 2200 mmmm
570 2143 600 2198 in
619 2142 875 2198 Alexandrinorum
892 2145 922 2198 et
938 2141 1127 2198 recentiorum
1146 2144 1316 2215 scriptorum
1381 2168 1384 2172 ·

165 2236 276 2292 minii·
294 2234 388 2290 Ouidii
406 2232 578 2303 exemplaria
596 2231 739 2303 indagare,
771 2232 838 2288 licet
856 2231 905 2287 ille
922 2232 1065 2302 peculiare
1084 2231 1238 2289 fdcroidum
1256 2235 1316 2304 epi·

91 2367 94 2373 .
166 2325 306 2380 stularum
334 2339 403 2393 opus
430 2321 578 2377 novaverit
606 2318 654 2390 (cf.
673 2321 736 2374 Art
754 2320 815 2376 Am.
835 2319 884 2389 111,
904 2321 975 2388 tid).
1013 2319 1098 2376 Velut
1115 2320 1250 2379 Chaereas
1269 2323 1315 2378 lit·

166 2419 242 2470 teras
264 2412 302 2468 ad
320 2411 495 2468 Callirrhoen
513 2426 631 2466 exeram
649 2428 666 2466 a
685 2409 835 2466 Charitone
863 2409 923 2482 (IV,
941 2415 967 2465 ⁴.
988 2409 1090 2466 Horeb.
1109 2411 1136 2466 11
1154 2429 1182 2483 p.
1203 2415 1248 2482 78)
1275 2412 1316 2468 sic

165 2501 348 2559 describitur:
363 2503 484 2572 Χαιρέας
496 2529 525 2542 -
539 2493 620 2568 ἤθελε
631 2494 759 2572 γράφειν,
771 2495 829 2552 ἀλλ’
842 2495 891 2554 οὐκ
903 2492 1018 2554 {diruto
1031 2494 1156 2572 drsrpdms
1171 2496 1315 2572 fnrpperir·
1371 2511 1378 2520 “

164 2607 221 2646 rur
236 2595 284 2644 sat
300 2589 348 2656 τῆς
360 2587 454 2660 χειρὸς
472 2583 555 2642 sisoi
572 2582 731 2658 rpeuoo'ees.
768 2587 842 2643 Naso
865 2583 1053 2644 scribentibus
1077 2587 1204 2643 heroinis
1233 2587 1314 2642 lacri-

165 2695 276 2735 marum
292 2679 369 2733 riscs
386 2681 531 2732 mmantes
548 2676 670 2732 libenter
687 2675 801 2748 affingit
827 2676 905 2748 (Har.
922 2676 974 2745 Ill,
992 2678 1018 2732 3.
1037 2675 1099 2748 vn,
1120 2679 1184 2747 reo,
1208 2674 1244 2733 of.
1265 2674 1315 2747 XI,

165 2771 254 2840 80].)Ι
283 2766 426 2838 Propertii
444 2771 540 2822 autem
552 2767 693 2822 Arethusa
710 2765 783 2822 illud
801 2783 918 2822 amrmeu
930 2765 1152 2821 Alexandrinum
1171 2764 1313 2836 integrum

165 2855 197 2910 iu
213 2873 294 2911 suam
311 2871 372 2911 reru
390 2855 532 2911 convertit
550 2853 582 2924 V,
601 2856 627 2908 s.
646 2857 664 2910 0
682 2871 738 2924 sq.=

363 2945 445 3014 siqua
463 2950 559 3001 tamen
578 2944 632 3000 tibi
651 2945 760 3000 lecturo
778 2961 844 3015 pars
860 2944 950 3000 oblita
967 2943 1052 3014 derit,

413 3032 483 3088 haec
497 3033 554 3088 erit
570 3049 586 3088 e
604 3032 726 3088 lacrimis
746 3031 821 3088 facta
839 3033 927 3087 litura
945 3031 1028 3087 meis:

362 3124 414 3176 aut
430 3119 511 3191 siqua
529 3121 636 3176 incerto
655 3119 736 3176 fallet
753 3125 782 3176 te
801 3108 899 3175 littera
916 3123 1019 3188 tractu,

411 3209 493 3281 signa
509 3226 588 3265 meae
605 3209 722 3265 dextrae
739 3209 794 3264 ism
813 3208 961 3265 morientis
979 3211 1071 3264 eruut.

148 3353 149 3356 ,
163 3295 272 3354 Deinde
289 3315 306 3354 e
323 3315 355 3355 re
369 3299 426 3355 erit
441 3298 578 3355 Paeonem
596 3298 802 3366 Amathusium,
824 3285 950 3355 incertae
968 3296 1081 3368 quidem
1100 3294 1203 3352 aetatis
1225 3294 1312 3367 scrip·

163 3391 266 3458 mrem,
291 3387 417 3456 laudm,
446 3392 545 3458 utpote
569 3387 620 3458 qui
639 3386 791 3444 Plutarcho
809 3391 924 3442 auctore
946 3385 1038 3453 (Thes.
1057 3402 1081 3441 u
1099 3384 1164 3457 XX)
1189 3385 1314 3440 narrarit

165 3482 290 3534 maestae
307 3477 449 3533 Ariadnae
467 3477 496 3532 iu
516 3476 607 3548 Cypro
627 3477 719 3532 insule
737 3475 852 3532 relictae
869 3475 1001 3532 mulieres
1028 3474 1174 3547 indigenas
1202 3473 1313 3530 litteras

164 3567 301 3623 obturbare
317 3566 397 3624 fictas
415 3568 493 3623 velut
511 3586 529 3622 a
542 3565 650 3623 Thmoo
669 3567 704 3622 ad
721 3584 783 3622 eam
802 3565 900 3622 missae
922 3559 1086 3637 (γράμματα
1105 3557 1214 3616 πλαστὰ
1233 3579 1313 3632 προς·

164 3659 271 3728 spfpasr,
298 3653 336 3716 ric
351 3656 400 3710 rosi
417 3658 528 3723 Θησέως
544 3647 702 3727 γράφοντος
719 3650 806 3729 uiri).
842 3652 888 3709 Eu
915 3652 1002 3708 hahes
1029 3650 1123 3707 herois
1151 3649 1313 3720 epistulami

163 3741 309 3799 Phaedrae
326 3747 420 3799 autem
438 3742 560 3814 epistula
578 3741 717 3798 Ouidians
734 3759 767 3798 ec
785 3741 883 3803 differt
901 3759 918 3796 a
935 3739 1051 3810 reliquis
1070 3768 1104 3780 -
1123 3755 1190 3794 uam
1208 3736 1243 3792 de
1261 3735 1313 3791 Pa·

162 3831 233 3887 ridis
253 3829 344 3902 (XV1)
361 3831 513 3888 etAcuutii
525 3830 602 3902 (XX)
620 3829 805 3901 epistularum
822 3835 939 3887 auctore
957 3827 1113 3900 ambigitur
1125 3853 1170 3896 ··,
1187 3824 1263 3896 quod
1283 3824 1314 3879 iu

163 3937 198 3976 ea
213 3920 311 3991 puella
328 3925 422 3977 aurato
439 3920 534 3976 iuveni
551 3937 674 3975 amorem
692 3918 819 3976 declarat
837 3923 867 3974 at
884 3933 948 3974 euru
966 3922 1075 3986 exorat,
1092 3920 1126 3972 ut
1142 3913 1197 3970 sihi
1213 3913 1257 3969 sui
1269 3929 1313 3970 eu·
1401 3909 1404 3913 ’

163 4005 242 4077 piam
261 4005 357 4064 faeiat.
393 4007 554 4065 Choricium
570 4007 661 4082 igitur
678 4007 709 4064 iu
726 4007 780 4064 hau
797 4005 961 4077 quaestione
979 4004 1039 4061 uoli
1055 4003 1136 4076 parri
1154 4001 1285 4074 pendere.

265 4096 279 4130 ¹
298 4095 341 4152 Gf.
357 4113 443 4168 supra
467 4115 495 4169 p.
514 4098 559 4167 tt,
585 4112 641 4168 que
665 4097 728 4154 loeo
750 4111 905 4168 provocare
926 4093 1008 4166 potui
1026 4091 1062 4149 ad
1079 4089 1227 4162 Euripidis
1244 4088 1313 4160 ldip·

162 4183 292 4255 polytum
308 4183 345 4240 de
362 4201 499 4244 mercae
516 4184 633 4243 fflmine
650 4185 782 4258 ambigue
799 4185 961 4255 loquentem
978 4199 1006 4238 v.
1025 4179 1094 4236 1030
1115 4196 1169 4250 equ

413 4275 439 4326 si
456 4273 484 4328 δ’
501 4268 550 4341 ἥδε
569 4273 739 4346 despondero&
757 4268 902 4327 «inuitem
918 4274 989 4340 βίον,

411 4355 463 4416 osias
479 4360 548 4416 old'·
567 4362 632 4434 ἐμοὶ
649 4357 704 4433 γὰρ
720 4357 754 4415 od
770 4363 855 4433 effers
872 4362 944 4432 nepe
962 4360 1062 4440 λέγειν.
