2974 5030
767 271 805 326 to

208 468 271 536 que
302 443 519 533 cognominem
552 442 587 510 in
615 440 693 508 Asia
726 437 915 516 condidisse;
948 440 1077 524 quade
1107 458 1142 506 re
1172 439 1219 507 ita
1240 439 1360 508 Nican-

208 551 282 616 der:
312 541 391 612 τότε
418 538 535 622 nutris
556 537 576 608 ὃ
599 541 751 627 Μίλητος
774 537 874 623 ἐμβὰς
894 535 943 618 είς
962 530 1085 605 ίίκατον
1104 540 1208 632 βουλῇ
1229 545 1360 628 Σαρπη-

207 643 308 728 δόνος
337 641 387 728 εἷς
413 644 542 732 Καρίαν
570 634 806 726 ίποόοδρᾶσκεε
838 640 893 707 καὶ
925 635 1025 708 πόλιν
1058 640 1217 710 ἐνταυθοῖ
1248 639 1361 722 κτίσας

208 749 363 836 Μίλητον
383 743 503 834 ἔγημεν
522 742 688 830 Είδοθέην
708 743 776 809 κτλ.
819 742 985 810 Praefatur
1011 745 1116 810 autem
1139 745 1207 811 erat
1229 744 1360 812 Ouidius
1410 779 1416 798 ι

208 851 344 918 referens
366 869 395 917 r.
417 849 475 914 441
501 867 548 932 sq.
569 845 677 912 ldinoe
698 846 775 911 tunc
794 842 971 910 inualidum
994 843 1189 927 pertimuisse
1214 837 1360 911 ‘Doloni-

206 953 331 1036 dcnque
350 949 498 1016 iuventae
512 947 634 1015 Robore
650 945 794 1013 hliletum
810 943 998 1029 Phoeboque
1020 947 1148 1030 parente
1166 947 1332 1030 superbum
1338 933 1358 1028 ',

207 1073 301 1139 quem
322 1050 493 1118 secundum
515 1048 720 1132 Nicandrum,
746 1066 817 1115 cum
840 1046 967 1131 pulcher
988 1055 1077 1131 esset,
1099 1043 1118 1111 d
1141 1044 1258 1126 Μίνως
1276 1041 1359 1112 κατὰ

206 1147 346 1220 πόθονι
367 1149 519 1235 ἐνεχείρει
538 1143 721 1234 βιάζεσθαι.
763 1149 987 1216 Aristocritum
1017 1149 1122 1214 autom
1143 1147 1182 1217 de
1201 1166 1237 1216 co
1258 1148 1359 1216 tradi-

206 1255 290 1322 disse
310 1255 416 1322 ruunt
448 1252 567 1334 (Schol.
590 1250 694 1336 Apoll.
720 1251 818 1316 buco.
841 1251 866 1329 l,
890 1247 981 1333 185):
1012 1248 1136 1314 τοῦτον
1165 1245 1202 1315 δὲ
1232 1246 1358 1333 ἄνδρα·

207 1353 313 1424 θέντα
332 1353 388 1420 καί
408 1345 642 1441 φθονοίμενον
665 1345 734 1416 rimi
759 1349 818 1416 τοῦ
841 1348 980 1427 Μίνωος
1000 1342 1207 1437 ἀναχωρῆσαι
1231 1347 1279 1430 εἰς
1299 1345 1359 1440 τὴν

204 1457 318 1542 Σάμον
337 1455 404 1523 nt.
420 1491 460 1504 -
474 1453 683 1540 Apollodorus
705 1451 763 1532 111,
790 1453 850 1520 1.2
871 1450 1006 1536 denique
1025 1451 1109 1526 inter
1130 1452 1244 1520 liberos
1258 1453 1357 1520 lluro·

205 1579 265 1646 pae
285 1561 317 1626 ct
339 1556 513 1626 deterioris
539 1558 696 1622 certamen
724 1555 829 1621 ortum
859 1571 925 1621 esse
954 1554 1059 1638 prodit
1089 1554 1149 1622 hac
1179 1554 1217 1622 de
1248 1574 1358 1624 causa:

205 1653 335 1742 ἴσχοισι
362 1651 423 1745 γὰρ
444 1654 552 1742 ἔρωτα
578 1649 708 1739 παιδὸς,
741 1647 780 1736 ὃς
805 1653 952 1723 ἐκαλεῖτο
979 1654 1127 1744 Μίλητος
1150 1679 1199 1724 -’.
1232 1657 1293 1724 τοῦ
1321 1655 1357 1726 δὲ

204 1755 328 1842 παιδος
352 1754 440 1844 πρὸς
470 1751 667 1847 Σαρπηδόνα
691 1757 816 1843 μᾶλλον
843 1753 973 1837 οἰκείως
1001 1753 1135 1841 ἔχοντος
1166 1753 1358 1850 πολεμήσας

206 1862 326 1940 oneng
346 1859 576 1948 ἐπροτέρησεν.
608 1854 640 1927 oi
663 1859 700 1927 de*
721 1855 890 1948 φεύγουσι,
911 1859 966 1927 καί
987 1860 1139 1948 Μίλητος
1162 1860 1223 1946 μὲν
1247 1863 1357 1952 Καρίᾳ
1456 1856 1460 1862 ’

204 1957 381 2052 προςοχῶν
401 1963 468 2032 καί.
505 1963 648 2032 Ceterum
670 1964 708 2031 de
721 1964 867 2050 Apolline
882 1964 985 2032 blileti
1008 1965 1096 2050 patre
1119 1964 1265 2032 omnibus
1280 1984 1357 2032 con·

206 2067 308 2144 venit3
329 2066 368 2134 de
381 2067 482 2134 matre
494 2065 571 2134 Aria
583 2065 773 2134 Aristocrito
787 2066 979 2152 Apollodoro
993 2067 1180 2134 scholiastae
1197 2066 1357 2135 Theocriti

205 2171 228 2238 l.
247 2170 271 2236 l.
293 2168 512 2255 Etpmolcgico
535 2186 650 2252 magno
675 2167 713 2250 (e.
738 2187 767 2235 r.
791 2166 966 2256 Μίλητος»
988 2189 1069 2238 unus
1092 2170 1250 2238 Nicander
1274 2173 1357 2237 Aca·

204 2270 321 2339 callida
341 2270 457 2337 Minois
478 2269 602 2338 filiem¹
622 2289 691 2336 eam
714 2272 814 2351 uocat,
837 2289 917 2337 uuus
939 2270 1069 2339 Ovidius
1092 2271 1239 2341 Deionen.
1255 2307 1293 2321 -
1309 2272 1355 2341 lle

203 2372 305 2460 igitur
325 2371 418 2454 ratio,
441 2391 535 2458 qurum
555 2373 646 2456 pocta
662 2371 821 2462 Romanus
842 2372 876 2438 in
891 2372 1041 2459 Byblidos
1055 2374 1152 2458 stirpe
1165 2373 1355 2443 illustranda

203 2473 356 2560 seqnitur,
377 2473 455 2540 entis
476 2474 584 2556 apertu
609 2472 796 2540 documento
817 2474 864 2541 est
885 2474 1060 2559 temporum
1082 2473 1234 2541 invidiam
1256 2474 1355 2560 scrip·

202 2574 336 2651 toribus.
358 2572 413 2659 qui
434 2572 567 2641 maxime
588 2571 621 2639 in
645 2591 772 2640 censum
793 2572 931 2660 veniant,
956 2592 1018 2642 non
1038 2575 1222 2661 pepercisser
1244 2574 1355 2644 turbae

203 2675 302 2744 latere
322 2677 452 2762 possunt
483 2674 516 2741 in
544 2677 618 2755 τοῖς
643 2672 785 2758 πλείοσι,
814 2693 890 2763 quos
912 2675 1102 2744 Parthenius
1129 2677 1250 2745 hulst.
1293 2677 1353 2746 Sed

164 2813 171 2824 ·
203 2795 325 2844 necesse
345 2777 413 2844 erat
434 2775 559 2845 firmum
581 2781 614 2845 et
635 2776 748 2846 stabile
774 2775 1011 2845 fundamentum
1039 2776 1148 2860 iacere,
1182 2797 1220 2846 nc
1248 2778 1355 2848 hario-

203 2878 343 2947 larcmur
364 2877 397 2946 in
419 2879 508 2947 uanis
523 2879 700 2948 nominibus
723 2877 917 2965 quaerendis.
960 2879 1102 2962 Interim,
1124 2881 1208 2965 qnod
1223 2878 1355 2950 Ovidius

202 2980 237 3048 in
256 2981 389 3066 singulis
408 3001 480 3050 cunr
502 2983 560 3050 hcc
580 2983 637 3051 aut
658 2983 714 3050 illc
736 2983 863 3049 auctore
885 2983 1043 3068 congruit,
1068 2983 1100 3050 id
1122 2983 1208 3052 lauet
1229 2988 1355 3054 conclu·

203 3083 292 3152 denti
316 3103 387 3152 eum
416 3102 452 3151 ex
472 3083 752 3152 Alexandrinorum
782 3084 918 3152 hortulis
947 3085 1022 3154 hinc
1049 3085 1139 3154 illinc
1166 3087 1255 3154 dores
1284 3107 1355 3158 car·

202 3188 309 3272 psisse,
331 3187 501 3270 quareret
522 3186 587 3252 eius
608 3186 808 3253 consuetudo.

302 3288 354 3355 Ad
376 3287 508 3355 certiora
529 3286 629 3355 renio.
666 3287 750 3354 Nam
772 3286 838 3355 fore
861 3287 993 3374 confido,
1014 3290 1052 3356 ut
1065 3290 1238 3376 scmpulus
1261 3290 1287 3357 ri
1302 3291 1354 3359 cui
1426 3307 1444 3314 ··

202 3391 309 3458 forsan
330 3388 368 3455 dc
389 3387 548 3474 Euripidis
567 3388 710 3473 vestigiis
730 3389 764 3454 iu
787 3388 937 3474 Byblidos
957 3389 1065 3458 tabula
1095 3391 1252 3473 resederit,
1281 3392 1353 3459 iun·

202 3488 289 3556 ditum
315 3487 457 3571 tollatur,
491 3490 545 3558 ubi
573 3489 652 3558 talia
678 3489 780 3576 magis
807 3509 949 3575 expressa
971 3494 1067 3560 etiem
1092 3493 1126 3559 iu
1147 3492 1244 3560 simili
1265 3493 1353 3582 Myr·

203 3591 281 3659 rhae
306 3590 415 3659 fabula
441 3591 593 3678 debuero,
625 3611 718 3678 quem
742 3592 875 3661 Ovidius
894 3595 1042 3680 emucnte
1063 3594 1352 3683 metamorphoseon

307 3875 318 3910 ¹
335 3876 488 3949 verheykii
506 3880 668 3937 coniectura
685 3876 755 3936 κατὰ
773 3876 892 3956 φθόνον,
911 3883 987 3954 quud
1000 3884 1116 3940 verbnm
1129 3881 1273 3943 invenitur
1284 3888 1351 3943 Aut

202 3967 300 4024 unser.
311 3967 454 4034 XXXVII,
474 3969 568 4026 ucecic
579 3987 615 4026 au
629 3969 814 4042 improbanda
826 3971 871 4027 sih
898 3971 970 4028 Nam
988 3973 1149 4029 testimonia
1166 3992 1251 4046 snpra
1264 3976 1351 4032 allata

202 4055 377 4112 examinanti
398 4057 429 4112 in
446 4061 594 4126 utramque
614 4063 723 4128 partem
743 4065 910 4132 argumenta
926 4067 1083 4118 occurrent.
1119 4062 1219 4134 ltaque
1237 4062 1351 4120 interim

200 4144 329 4202 woicam
345 4144 515 4217 scripturam
532 4151 621 4202 tueor.

304 4234 317 4268 ¹
333 4233 430 4290 Alium
447 4233 536 4290 tilium
555 4251 589 4290 ex
606 4233 704 4290 eedem
721 4252 785 4291 carn
800 4236 933 4308 Apolline
951 4233 1131 4309 prementum
1149 4201 1351 4297 commemorat

200 4319 370 4394 Apollonius
386 4319 514 4379 Rhodius
531 4321 579 4390 IV,
599 4323 681 4395 14943
699 4323 736 4381 cl.
755 4323 847 4382 Schol.
