2982 5006
289 1113 395 1180 Novae
418 1111 473 1177 has
487 1091 843 1194 quaestionesv'inscrito,
866 1126 927 1174 non
941 1110 1065 1176 tantum
1082 1111 1156 1195 quia
1170 1112 1335 1180 materiam

191 1215 232 1283 ab
253 1212 322 1280 aliis
343 1210 514 1300 tractatam
536 1207 715 1287 retractavi,
737 1207 790 1273 sed
813 1207 887 1292 quia
909 1208 1037 1276 insolita
1059 1211 1181 1279 ratione
1203 1214 1243 1281 ab
1258 1213 1337 1298 Hip·

190 1313 303 1399 polptis
325 1309 499 1393 Euripideie
521 1306 560 1373 nd
583 1306 706 1374 serioris
728 1308 843 1375 aetatis
864 1307 987 1376 litteras
1008 1311 1177 1380 ascendens
1197 1313 1231 1379 in
1247 1314 1336 1381 vasto

190 1413 322 1480 maxime
334 1407 560 1476 Alexandrinae
572 1407 671 1490 poesie
682 1409 793 1491 campo
802 1407 997 1490 genninarum
1011 1409 1187 1478 tabularum
1204 1413 1337 1498 vestigia

75 1539 80 1606 ¹,
191 1509 331 1597 persequi
361 1509 490 1574 conatus
522 1525 600 1572 snm.
649 1507 731 1573 Nam
764 1506 820 1590 qui
848 1507 1012 1593 Hippolyti
1047 1508 1188 1578 fabulam
1221 1511 1339 1579 exami-

73 1609 77 1696 ξ
192 1610 284 1689 norit,
304 1604 459 1693 'quomodo
480 1626 500 1673 a
519 1607 618 1691 poetis
636 1608 668 1672 et
685 1606 726 1672 ab
740 1606 912 1674 artificibus
926 1610 1063 1675 tractata
1081 1609 1133 1689 sit,
1155 1611 1238 1696 qnod
1261 1610 1338 1677 olim

73 1703 74 1736 r
190 1711 224 1778 in
244 1709 350 1776 libello
373 1707 509 1791 praemio
532 1708 642 1773 ornate
664 1705 817 1790 praestiti,
839 1725 911 1773 enm
932 1726 994 1774 nou
1013 1708 1123 1794 lungiet,
1148 1713 1339 1796 quantopere

72 1801 73 1806 ’
192 1813 323 1894 utraque
344 1805 501 1890 Euripidis
525 1806 634 1872 fabola
663 1807 759 1873 etiam
788 1807 876 1873 extra
904 1807 981 1876 lines
1008 1811 1132 1878 Atticos
1156 1814 1188 1879 et
1209 1812 1339 1880 audien·

70 1931 73 1942 ¹
191 1909 270 1976 tium
296 1909 328 1974 et
353 1907 524 1990 legentium
550 1907 671 1972 animos
691 1908 903 1974 commoverit.
925 1941 968 1955 -
989 1909 1098 1992 Neque
1124 1929 1196 1978 vero
1217 1911 1340 1977 incom-

192 2007 378 2074 medemini
400 2006 507 2074 videor
527 2007 621 2072 antea
642 2005 809 2073 nonnullas
831 2006 870 2072 de
895 2009 1019 2074 serrata
1041 2008 1207 2094 Hippolyti
1229 2009 1341 2077 fabula

191 2107 394 2192 quaestiones,
415 2125 497 2188 quae
516 2107 678 2190 praecipue
698 2105 739 2172 ad
760 2125 959 2190 personarum
976 2126 1076 2175 mores
1094 2109 1246 2193 spectant,
1268 2127 1340 2191 pre·
1416 2101 1418 2112 '

191 2225 310 2292 ponere,
334 2225 404 2273 cnm
424 2205 507 2283 illae,
529 2205 556 2270 si
578 2223 658 2288 qnae
679 2223 827 2288 unquam,
854 2224 915 2271 non
939 2206 1017 2273 certi
1037 2205 1216 2292 singulique
1237 2206 1341 2273 hemi·

190 2327 243 2374 nee
270 2309 345 2386 sint,
377 2307 432 2392 qui
463 2305 728 2387 aemelnixenint,
762 2305 815 2373 ned
842 2305 946 2391 potius
972 2305 1013 2375 ad
1038 2307 1157 2375 certum
1180 2305 1341 2392 quoddam

190 2410 350 2478 hominnm
364 2427 462 2494 genus
477 2406 653 2492 pertineant
663 2411 682 2475 ¹.
728 2407 779 2475 An
793 2427 855 2476 nen
870 2408 1036 2496 intellegis,
1058 2408 1248 2495 quantopere
1261 2407 1342 2475 haee

189 2529 238 2577 res
259 2510 467 2577 imitationem
489 2507 638 2576 adinrare
659 2508 826 2576 debuerit?
869 2510 946 2577 Inde
966 2511 1073 2577 numm
1095 2509 1136 2576 ad
1157 2508 1343 2594 tragoediae

65 2637 68 2698 p
122 2677 129 2702 ⁸
188 2609 364 2695 deperditae
382 2610 552 2692 imaginem
573 2609 847 2696 redintegrandam
864 2610 1020 2695 progressi
1040 2610 1104 2678 iam
1119 2608 1291 2695 paratiores
1308 2610 1343 2676 et

65 2711 67 2770 l
189 2710 278 2796 quasi
298 2713 407 2794 sponte
427 2711 468 2778 ad
488 2710 621 2778 alteram
643 2711 732 2778 illam
747 2711 975 2782 dissertationis
990 2713 1111 2796 partem
1126 2710 1342 2778 traducemur.

596 3066 772 3135 ‘1.

177 3333 180 3339 Ι
286 3252 463 3337 Euripidem
486 3254 583 3321 etiam
604 3255 671 3322 aine
691 3253 808 3320 diserto
830 3253 1019 3333 testimonie,
1043 3251 1127 3338 quod
1148 3253 1268 3320 facetus
1283 3253 1342 3322 ille

187 3354 324 3420 comicus
347 3353 548 3422 Atheniensis
571 3355 631 3440 ipsi
652 3355 806 3422 invidiose
827 3354 950 3422 aemulo
978 3353 1094 3421 subicit
1119 3353 1233 3439 (Arist.
1255 3353 1340 3421 Ran.
1405 3379 1427 3428 μ

187 3456 271 3534 959),
304 3456 452 3523 sciremus
484 3455 524 3523 nd
546 3455 752 3523 domesticam
784 3459 816 3523 et
848 3475 1045 3523 communem
1081 3454 1180 3522 ritarn
1218 3450 1343 3538 (οἰκεῖα

186 3549 373 3640 πράγματα)
405 3557 547 3624 animum
579 3557 712 3625 maxime
745 3557 913 3624 rettulisse.
957 3555 1024 3639 Quo
1054 3556 1172 3624 lactum
1199 3558 1255 3640 est,
1290 3558 1341 3634 nt,

187 3674 257 3723 curn
287 3658 328 3724 ab
360 3658 428 3744 ipsa
461 3658 528 3726 vita
559 3658 676 3726 celeres
707 3657 747 3727 ad
777 3657 905 3726 hereum
937 3675 1082 3726 scaenam
1113 3655 1340 3724 illustrandam

185 3760 330 3840 sumeret,
361 3760 394 3826 in
424 3778 530 3828 eorum
557 3760 696 3828 moribus
723 3759 932 3828 describendis
959 3758 1076 3826 saeculi
1107 3757 1157 3824 eni
1189 3759 1340 3825 naturam

78 3868 80 3874 '
186 3858 381 3949 indolemque
402 3861 526 3947 saepius
546 3861 738 3948 exprimeret
789 3860 879 3929 Licet
905 3859 1006 3946 igitur
1033 3860 1125 3945 poeta
1155 3857 1190 3925 in
1214 3857 1339 3942 Hippo·

288 4111 298 4145 ¹
317 4110 379 4168 lieo
395 4109 559 4184 laemingiue
573 4111 686 4182 (Hamb.
705 4109 833 4169 Manat
852 4108 945 4181 men)
963 4108 1017 4169 itan
1034 4105 1131 4176 ‘Mehr
1148 4106 1195 4164 die
1213 4107 1344 4178 personi-

188 4196 279 4256 tieirte
297 4199 363 4257 ldee
380 4199 457 4257 eines
475 4199 643 4259 Charaktere
661 4201 703 4260 als
720 4200 784 4258 eine
801 4197 1031 4258 eharakterisirte
1042 4189 1171 4260 Pseon’.
1190 4194 1345 4258 crema

186 4287 463 4366 ulmerugorum
480 4305 509 4362 p.
527 4289 561 4346 87
575 4287 605 4348 ff.
