2982 5006
186 495 275 562 dram
291 490 512 560 ostendentia
537 491 614 558 sella
635 490 783 577 languide
804 491 971 577 sedentem,
992 493 1032 570 ab
1053 491 1176 560 aucillis
1198 492 1326 559 circum·

185 596 304 669 damna,
338 594 370 659 et
391 591 506 659 Seneca
538 591 660 676 copiose
686 592 832 678 depingit
850 593 979 660 ‘Amoris
1001 593 1117 662 aculeis
1138 593 1275 662 sauciam
1297 594 1325 659 et

185 697 292 764 morbo
325 693 545 777 tabescentem,
577 693 665 760 cuius
697 711 768 761 cum
797 693 964 779 Euripides
995 696 1166 763 retractata
1187 693 1326 762 Phaedra
1391 739 1394 748 -

185 795 406 864 similitudines
432 793 588 879 congessit
611 792 670 860 Leo
693 793 727 873 (1.
750 793 771 861 1.
793 813 822 878 p
847 795 932 880 178).
975 795 1035 863 Sed
1058 815 1127 863 cum
1154 797 1247 881 poeta
1265 795 1325 862 Ro·

187 916 297 964 manus
319 895 485 980 permulta,
517 913 598 979 quae
621 912 640 960 a
665 892 784 961 Graeco
812 893 935 980 tragico
967 896 1069 963 aliena
1100 896 1174 978 siut,
1212 897 1326 964 immis·
1419 951 1422 962 r

187 999 296 1076 cuent,
326 996 478 1063 iudicium
501 995 621 1075 sistam,
650 994 747 1062 donec
768 994 896 1064 aliunde
916 995 966 1063 his
987 997 1077 1063 rebus
1095 996 1148 1064 lur
1168 997 1326 1066 affulserit.
1383 1075 1384 1080 η

186 1097 319 1164 Diremit
332 1098 437 1163 autem
454 1096 616 1163 Phaedrae
636 1096 829 1180 aegrotantis
850 1096 1085 1181 descriptionem
1108 1095 1216 1182 pingui
1236 1117 1327 1165 manu

187 1200 220 1266 in
242 1199 319 1304 dunas
336 1199 441 1282 partes
461 1217 490 1265 r.
513 1199 555 1292 85
577 1216 624 1282 sq.
647 1200 678 1265 et
702 1216 732 1264 r.
755 1197 937 1274 sea-4053
966 1197 1034 1264 illic
1054 1197 1131 1265 bene
1152 1198 1264 1282 posuit,
1278 1197 1327 1264 hic

184 1300 266 1368 male
295 1300 327 1366 et
349 1298 496 1382 Euripide
518 1301 599 1365 certe
629 1317 690 1365 non
720 1300 884 1374 invitante.
920 1301 955 1365 ut
976 1299 1036 1366 Leo
1057 1300 1121 1366 iam
1143 1299 1327 1366 observarit

69 1437 75 1452 ·
184 1401 309 1468 Novum
331 1399 408 1466 milri
430 1399 488 1464 hoc
508 1397 704 1466 adventiciae
725 1400 803 1466 artis
824 1398 974 1465 indicium
997 1400 1054 1466 est.
1083 1398 1199 1466 Seneca
1220 1398 1327 1465 statim

184 1501 322 1569 adnectit
342 1500 448 1566 Lunae
467 1497 696 1566 invocationem
719 1518 748 1565 r.
769 1499 832 1566 406
853 1519 910 1584 sq,
932 1518 1026 1584 quam
1048 1498 1081 1565 in
1094 1499 1206 1566 Velato
1227 1499 1328 1567 locum

165 1601 329 1668 habuisse
350 1619 444 1683 snpra
467 1599 575 1666 notari
609 1597 662 1682 (cl.
684 1598 787 1666 Schol.
811 1597 965 1667 Theocrit
993 1600 1033 1668 11.
1058 1599 1122 1684 10),
1154 1600 1249 1684 atque
1279 1599 1328 1666 hic

184 1701 303 1786 philtra
339 1698 469 1783 proferri
508 1699 686 1783 potuerunt.
750 1697 850 1781 Quam
889 1697 1015 1783 quidem
1051 1717 1196 1766 scaenom
1230 1698 1328 1766 letam

184 1798 279 1888 fuisse
319 1799 402 1866 haud
437 1798 557 1882 opinare
602 1797 853 1883 quandoquidem
892 1797 1029 1882 optimus
1067 1800 1198 1884 quisque
1239 1800 1329 1884 poeta

185 1899 279 1965 huius
300 1899 422 1982 generis
451 1898 633 1964 ornamenta
663 1895 704 1963 ad
736 1915 835 1962 mores
857 1897 1066 1980 depingendus
1086 1898 1212 1964 tanturn
1234 1898 1329 1982 perti·

185 1999 303 2076 nentia,
337 2018 416 2083 quae
446 1998 601 2066 actionem
634 1995 737 2082 potius
760 1996 923 2064 retardant
946 2016 1040 2082 quarn
1062 1997 1247 2079 accelerant,
1268 2016 1328 2065 non

184 2096 275 2182 larga
298 2116 392 2162 manu
412 2115 558 2181 spargere
575 2096 663 2162 solet.
700 2095 842 2162 Welclrer
864 2098 968 2162 nutem
991 2097 1108 2163 errarit
1128 2097 1246 2183 primae
1260 2101 1329 2180 post

184 2199 347 2283 prologum
381 2215 509 2264 scaenae
531 2195 705 2263 Phaedram
736 2194 908 2262 insomnem
937 2199 1126 2284 surgentem,
1147 2198 1328 2265 00010010-

184 2300 323 2382 gentem,
354 2316 443 2364 sacra
476 2296 601 2381 magica
636 2296 852 2363 instituentem
888 2297 1053 2381 assignans
1080 2297 1159 2378 (1.1.
1191 2317 1221 2382 p.
1244 2297 1328 2377 nst).

110 2477 111 2480 Ἴ
185 2396 276 2463 Talia
296 2396 382 2464 brevi
404 2398 508 2482 antea,
531 2415 624 2480 quam
647 2395 711 2480 ipse
733 2398 837 2463 castus
859 2395 980 2463 iuuenis
994 2395 1226 2480 compellandus
1241 2397 1328 2480 esset,

185 2497 337 2565 collocata
370 2517 444 2582 esse,
476 2497 559 2582 quod
591 2515 645 2582 per
675 2516 707 2564 se
736 2497 999 2565 verisimillimum
1020 2499 1077 2582 est,
1108 2496 1223 2566 Seneca
1247 2497 1328 2565 altro

183 2601 295 2685 probat
319 2600 465 2668 hocloco
487 2600 592 2666 Lunae
611 2599 839 2667 invocationem
864 2601 1017 2667 exhibens.
1058 2599 1157 2681 Adde,
1179 2599 1261 2684 quod
1275 2599 1330 2666 dc·

183 2703 392 2769 monstratum
424 2703 480 2782 est,
513 2703 637 2786 poetam
666 2701 798 2768 actionis
827 2720 1072 2786 scaenarumqne
1102 2701 1265 2768 decursum
1296 2700 1330 2767 in

183 2803 322 2869 correcta
343 2803 479 2870 editione
501 2821 562 2870 noa
586 2802 755 2870 admodum
778 2804 924 2870 mutasse

284 2905 469 2990 Argumeuti
491 2908 597 2973 nutem
629 2907 742 2973 natura
775 2907 844 2986 lert,
879 2909 915 2972 ut
943 2924 1073 2990 sequens
1094 2903 1198 2972 Velati
1218 2921 1330 2970 scaena

182 3004 334 3071 nutricem
370 3005 475 3091 aliquo
508 3006 599 3073 modo
621 3005 828 3093 Hippolytum
850 3007 1017 3074 adeuntem
1037 3005 1224 3081 ostenderita
1246 3002 1329 3088 quod

182 3106 478 3188 repraesentationes
511 3106 613 3190 lapide
635 3105 759 3175 effictae
780 3127 842 3175 nnn
865 3107 967 3174 minus
989 3107 1144 3175 evincunt.
1187 3105 1270 3173 Nam
1293 3108 1330 3171 ut

182 3206 286 3288 capita
316 3207 598 3290 argumentationis
628 3207 775 3274 hocloco
797 3209 903 3292 paucis
926 3209 1198 3292 comprehendam:
1224 3224 1330 3274 sarco·

182 3304 355 3390 phagorum
377 3309 548 3393 sculptores
570 3307 729 3392 Euripidis
750 3307 882 3393 vestigia
904 3307 1025 3392 legisse,
1047 3309 1135 3376 cuius
1156 3307 1329 3375 auctoritas

139 3451 143 3463 .
180 3404 214 3470 in
236 3406 373 3491 imagine
397 3407 558 3475 Phaedrae
579 3409 619 3476 ab
641 3408 765 3476 ancillis
786 3408 996 3476 circumdatae
1016 3409 1083 3476 sine
1108 3409 1202 3475 dubio
1231 3427 1330 3492 appa·

181 3506 238 3587 ret,
275 3507 341 3573 tam
374 3511 484 3575 noturn
516 3512 574 3594 est,
602 3511 639 3575 ut
673 3509 833 3594 amplioris
865 3509 1057 3593 probationis
1084 3528 1146 3576 nou
1175 3508 1327 3592 indigeat.

181 3605 260 3690 Iam,
294 3627 365 3674 curn
397 3608 429 3674 in
463 3610 622 3678 nonnullis
654 3610 988 3694 repraesentationibus
1020 3611 1125 3678 nutrix
1155 3606 1326 3694 Hippolyte

181 3708 346 3792 epistulam
370 3709 490 3791 reddat,
513 3708 568 3795 qui
587 3729 695 3778 sensus
716 3730 751 3779 er
773 3711 821 3778 his
843 3710 913 3778 elici
935 3711 1038 3796 potest
1059 3708 1119 3777 nisi
1139 3709 1204 3778 hic:
1228 3707 1329 3774 Phae·

180 3808 268 3875 elram
291 3829 397 3877 aurore
417 3812 632 3896 aegrotantem
656 3812 807 3878 nutricem
830 3812 870 3879 ad
891 3812 1071 3897 privignum
1092 3811 1233 3878 misisse?
1244 3807 1327 3893 Quid

180 3911 261 3994 qrrod
284 3914 316 3979 in
340 3913 498 3980 nonnullis
519 3913 729 3980 monumentis
745 3912 1131 4001 PhaedraetHippolytns
1144 3914 1211 3980 tem
1225 3928 1327 3997 presse
1424 3995 1425 4010 χ

178 4012 324 4079 collocati
343 4015 427 4095 sunt,
449 4019 488 4081 ut
505 4014 588 4081 inter
608 4033 640 4080 se
662 4015 748 4099 loqui
770 4015 936 4082 rideantur
955 4016 1164 4103 intercedente
1185 4011 1326 4079 nutricet
1424 4057 1425 4064 1

179 4111 265 4194 erae
287 4116 401 4182 omnia
414 4119 519 4200 aperte
540 4117 684 4202 pugnant
706 4133 777 4181 curn
800 4113 1189 4202 Coronilerinrgumento.
1235 4113 1327 4179 Desi-

178 4233 289 4282 namus
308 4216 408 4301 igitur
421 4218 454 4284 in
467 4218 667 4304 sarcophagis
681 4217 923 4301 interpretandis
939 4237 994 4287 nes
1010 4220 1071 4286 huc
1085 4217 1162 4285 illuc
1171 4219 1324 4299 torquere,
1424 4279 1425 4284 ,

178 4333 248 4382 curn
263 4315 436 4385 difficultas
446 4319 626 4404 expediatur
638 4322 859 4405 argumentum
873 4319 985 4405 prioris
996 4316 1325 4405 Hippolytindpmtns
1424 4317 1425 4396 j
