2982 5006
235 560 365 610 menum
395 542 578 627 compilasse
615 541 665 610 rel
699 541 772 609 inde
806 543 922 626 elucet,
958 541 1040 628 quod
1082 540 1187 608 nutrix
1219 559 1304 609 erem
1341 540 1379 609 de

218 660 343 710 *emere
361 641 394 709 in
416 643 595 711 universnm
616 645 745 710 obsonre
765 644 903 711 loontem
923 642 1047 710 nornine
1075 643 1150 723 eins,
1174 661 1265 727 quem
1288 641 1379 727 depe·

236 747 313 828 rent,
345 743 480 810 nondum
504 743 642 811 indieoto
668 745 775 811 monet
796 764 824 810 ι.
844 747 904 811 130
925 764 982 830 ορ,
1005 745 1041 810 nt
1064 743 1198 811 neiende
1218 745 1304 810 nesto
1326 763 1379 828 pe·

236 844 322 910 etore
334 844 486 912 ertrnbet
510 843 580 912 Hoc
594 845 675 912 eitra
687 863 803 911 morem
819 843 930 912 (irenei
943 846 1061 930 poetes,
1083 843 1138 930 qui
1153 844 1217 911 iere
1237 843 1278 911 ed
1300 863 1379 910 nen·

234 963 318 1010 seem
342 963 439 1030 resqne
460 945 492 1012 in
513 945 562 1013 hie
582 945 674 1014 rebus
695 948 859 1013 noeumtns
880 947 938 1012 eet.
980 946 1086 1030 Atque
1106 963 1218 1030 perum
1245 944 1379 1012 oileum·
1435 953 1439 960 '

234 1047 336 1130 sponte
356 1047 473 1116 Ssneee
494 1065 615 1113 versum
639 1047 714 1113 227:
733 1039 876 1130 ‘experte
890 1065 1016 1114 ssesnm
1033 1047 1081 1113 est
1095 1046 1228 1113 herbera
1244 1047 1379 1131 Antiope

233 1148 375 1216 mnnnm'
397 1148 513 1214 nutrici
534 1148 656 1226 tribuit,
679 1167 748 1214 enm
773 1147 904 1215 Ovidius
926 1167 955 1215 v.
970 1148 1030 1213 119
1051 1147 1143 1214 iidem
1165 1147 1264 1215 ierint
1283 1147 1316 1212 id
1337 1145 1378 1214 ed

234 1248 439 1318 oontnmelins
459 1248 622 1333 pertinere,
653 1247 766 1334 quibus
787 1247 929 1316 Phaedre
954 1247 987 1314 in
1010 1246 1158 1315 meritum
1180 1247 1340 1315 invehitur
1356 1251 1377 1317 ¹.

333 1349 506 1416 Pheedrsm
530 1350 767 1416 merneseentem
790 1348 941 1415 desiderio
971 1349 1061 1416 rebns
1092 1347 1243 1416 inauditis
1270 1349 1378 1417 innon·

232 1450 354 1516 stenter
384 1449 591 1534 effreneteque
622 1447 767 1533 optendis
793 1447 1033 1516 debneohentem
1067 1447 1100 1514 in
1132 1451 1234 1534 priore
1256 1468 1378 1535 qnoque

235 1548 341 1616 iebnle
372 1549 559 1635 dompnus
598 1567 662 1616 esse
695 1567 755 1616 non
790 1551 838 1616 est
875 1565 931 1614 our
965 1567 1121 1633 negemus.
1178 1550 1377 1618 Velolrenerii

232 1649 411 1716 eonieetnre
441 1648 495 1731 (ed
517 1649 591 1733 Hip.
623 1667 654 1714 r.
676 1646 752 1734 1130)
786 1648 813 1715 si
845 1649 930 1716 eerte
958 1651 1052 1734 esset,
1087 1649 1169 1715 hnno
1197 1667 1262 1714 rem
1290 1651 1377 1715 extre

232 1737 437 1814 dubitationis
462 1749 562 1815 aloem
585 1749 720 1831 poneret
753 1747 933 1814 Philooleon
955 1747 1037 1813 enim
1058 1745 1171 1832 (Arist.
1190 1747 1278 1831 Vesp,
1301 1745 1378 1831 150)

232 1846 387 1912 enneilete
407 1846 521 1931 proisit
541 1848 631 1914 hoen:

491 1940 537 2032 μή
559 1969 618 2031 μοι
639 1941 767 2014 τούτων
786 1944 887 2031 μηδὲν
908 1939 1079 2032 ὕπιοχνοῦ,

492 2047 609 2116 κείνων
630 2044 758 2131 ἔραμαι,
781 2052 874 2114 κεῖθι
894 2046 1056 2134 γενοίμαν,

231 2147 400 2214 scholiasta
421 2145 567 2214 adnotet:
602 2144 718 2213 κείνων
740 2143 874 2231 ἔραμαιι
907 2146 944 2230 ἐξ
964 2141 1160 2214 Ἱππολύτου
1183 2137 1376 2228 Εὐριπίδου.
1460 2157 1462 2162 ’

230 2247 267 2314 In
285 2249 425 2315 eorreetn
457 2247 593 2315 editione
612 2249 688 2316 haee
709 2268 770 2317 non
795 2250 961 2334 leguntnr3
981 2249 1036 2317 sed
1057 2249 1174 2316 similis
1197 2268 1225 2316 v.
1248 2249 1321 2334 230,
1344 2248 1375 2314 et

232 2349 324 2415 verbo
349 2343 467 2432 ἔραμαι
486 2349 589 2415 ntitnr
609 2349 754 2417 Phaedre
775 2369 804 2418 v.
826 2351 904 2435 219;
926 2349 1127 2435 quemobrem
1140 2348 1249 2417 Velelr.
1272 2347 1375 2415 nonie-
1441 2349 1449 2357 '

230 2448 275 2516 oit
305 2467 342 2516 ex
373 2449 484 2518 Velnto
521 2451 604 2518 huno
639 2469 762 2545 versum
799 2452 932 2536 petitum
969 2471 1042 2519 esee.
1102 2451 1188 2535 Quae
1221 2448 1376 2517 sententie

148 2572 153 2578 ·
229 2551 367 2617 multum
399 2551 632 2637 probabilitatis
661 2553 764 2636 hebet
796 2571 975 2638 quenquam
1006 2553 1072 2638 ipse
1098 2552 1210 2619 lendet
1239 2550 1375 2617 similem

229 2651 400 2720 Aleestidis
417 2671 539 2720 versum
561 2655 633 2735 800,
655 2653 709 2720 nbi
731 2651 848 2718 noiomo
859 2649 978 2737 ἔραμαι
998 2653 1130 2738 legitnm
1151 2652 1280 2736 smmis,
1294 2650 1417 2737 qnod·-

229 2752 289 2820 hoe
308 2753 449 2820 seholion
482 2756 517 2822 ln
538 2754 605 2822 eod.
626 2755 705 2822 Rev.
727 2754 814 2821 deest
828 2757 850 2822 ¹.
868 2790 906 2838 ·,·
930 2754 1122 2840 Snreophngi
1151 2757 1257 2822 eutem
1279 2753 1378 2820 Pheo-

174 3022 180 3030 .
229 2992 313 3046 quem
347 2977 410 3031 erte
445 2991 556 3044 semper
585 2973 658 3030 dene
688 2973 826 3030 editiones
856 2973 1053 3030 oohneserint?
1106 2973 1253 3032 Persimile
1282 2979 1376 3032 snum

230 3063 350 3120 Seneen
367 3062 462 3120 verbis
478 3065 522 3118 eei
538 3061 607 3119 Eur.
629 3061 683 3134 irg.
701 3064 763 3118 8117.
1303 3111 1306 3116 ,

331 3153 341 3186 ¹
360 3149 402 3208 01.
420 3151 470 3206 Ov.
490 3153 542 3206 110
560 3167 602 3222 sq.
620 3151 682 3207 Son.
700 3153 734 3207 01
753 3168 795 3223 sq.
814 3150 956 3208 Plntereh.
975 3151 1002 3208 d.
1022 3152 1088 3208 end.
1105 3156 1181 3224 poen
1202 3151 1220 3207 8
1238 3157 1294 3209 ext.

329 3239 462 3295 'Venno
481 3238 637 3295 commissori
655 3239 707 3293 21⁹
726 3256 781 3310 ιρι
800 3235 871 3309 πρὸς
888 3239 971 3306 θεῶν,
989 3240 1090 3313 ἔραμαι
1108 3243 1170 3294 αυο1
1196 3230 1297 3302 θωΰξαι
1321 3243 1377 3296 κτλ.

229 3327 336 3385 inridet
352 3326 555 3398 Aristophane!
572 3326 602 3384 in
612 3329 746 3401 Anagyrn
763 3326 829 3402 (irg.
848 3330 881 3383 ol
902 3327 1004 3395 Kooklr
1024 3326 1095 3399 noir
1112 3327 1188 3384 doeio·
1204 3330 1303 3403 ἔραμαι
1322 3332 1378 3384 rtr-

229 3429 291 3488 αγα
311 3421 416 3490 ραγιῑν
432 3415 596 3472 nrt-Sed
614 3417 663 3487 qui
681 3416 813 3490 Euripidi
832 3416 984 3488 exprobret
994 3416 1135 3474 Phaedra·
1154 3415 1380 3488 (ef.Thsrmoph.'

229 3506 296 3560 ddi:
314 3507 501 3566 Metaurenses
518 3505 608 3562 unceis·
625 3507 750 3577 Φαίδρας
771 3507 809 3572 ιι)
828 3505 854 3561 ei
873 3509 1088 3562 eonsentenenns
1106 3508 1149 3561 eet
1160 3503 1291 3561 Velstnns
1309 3523 1377 3578 qno·

229 3610 284 3664 qne
300 3593 387 3650 bilem
404 3594 536 3667 ιοοιίιιος
563 3595 649 3653 immo
669 3613 724 3652 non
743 3594 853 3665 debito,
871 3595 940 3668 quin
959 3595 1082 3666 priorem
1101 3594 1263 3664 editionem,
1280 3594 1326 3650 oni
1345 3591 1376 3650 ed

228 3678 352 3754 ιἀιριπ1ι
370 3687 415 3738 καὶ
433 3689 596 3756 mererentur
617 3679 693 3748 ἄξιον
714 3683 800 3742 etiem
818 3682 1002 3742 Alexandrini
1025 3683 1137 3741 murini
1159 3683 1310 3740 vertebant
1327 3681 1375 3754 (oi.

228 3771 471 3844 Arg.Enr.liip.),
487 3778 572 3846 poene
582 3775 703 3830 eominus
720 3773 842 3830 maxime
859 3773 896 3828 ed
914 3773 1098 3829 deridendum
1116 3773 1170 3829 sibi
1189 3771 1375 3844 proposuerit.

229 3876 293 3918 eom
310 3859 341 3916 in
358 3865 418 3917 inm
437 3879 524 3933 peren
535 3862 758 3936 fragmentorum
767 3866 861 3934 segete
879 3865 957 3920 oertn
969 3860 1107 3918 irrisionis
1119 3861 1240 3935 vestigio
1256 3865 1375 3918 exstent.

231 3948 326 4007 Unum
345 3953 432 4020 etque
456 3950 486 4007 id
514 3969 551 4009 ne
568 3952 725 4009 levissimae
743 3951 856 4022 quidem
879 3951 1050 4008 dubitationi
1074 3950 1227 4007 obnoxium
1246 3949 1304 4005 Leo
1323 3949 1340 4005 1
1359 3950 1378 4007 1.

86 4101 89 4108 ,
227 4056 256 4110 ρ
269 4039 322 4094 180
339 4055 381 4110 sq.
399 4039 429 4094 in
446 4039 534 4096 Arist
553 4038 634 4112 Vsep.
655 4043 709 4096 nu
727 4040 919 4112 inseetignvit,
939 4046 972 4096 nt
990 4038 1074 4096 modo
1093 4037 1220 4109 exposui.
1245 4038 1376 4094 Alterum

230 4144 351 4202 moseo
368 4127 400 4184 in
417 4126 529 4199 Polyidi
547 4127 601 4201 irg.
619 4130 673 4186 lon
692 4127 738 4184 lt:

463 4212 527 4275 drinio
544 4217 646 4293 δίδωμι
665 4211 741 4288 τήνδ’
760 4215 816 4289 1γῶ
835 4213 952 4291 γυναῖκα
970 4233 1014 4276 σοι

461 4309 605 4379 Φαίδραν·Ι
617 4308 664 4364 inl
683 4307 739 4379 πῦρ
757 4306 789 4362 el
809 4308 864 4378 πῦρ
882 4305 951 4381 ἔοιχ’
968 4302 1041 4374 ἥξειν
1056 4299 1141 4378 ἄγαν.

229 4393 267 4451 nd
286 4394 363 4468 qnod
379 4393 559 4462 mnndum
577 4400 691 4471 postem
708 4393 802 4454 Veluti
819 4394 875 4471 irg.
893 4396 946 4452 101
964 4394 1121 4470 instigevit.
