2974 5030
189 495 321 562 tentiam
353 515 452 562 meam
485 494 608 579 egregie
636 492 816 560 adiuuant?
858 491 1016 568 Nimirum
1039 491 1072 558 in
1093 490 1158 556 illis
1179 490 1217 558 de
1238 491 1336 556 Phue-
1418 537 1421 542 -

187 595 246 664 dra
262 596 362 663 amori
384 595 552 662 obsistente
573 594 651 660 nihil
673 611 798 678 prorsus
820 592 952 678 legiturr
984 590 1148 676 tragoedis
1169 585 1272 674 potius
1292 587 1338 656 le·

188 698 274 766 viora
296 697 478 764 ornamenta
500 697 610 764 mutua
631 695 719 762 dedit
730 698 748 762 ¹.
911 783 912 790 ἵ
1270 713 1274 718 ·

285 800 330 866 lis
350 789 492 883 deniquo,
513 797 567 883 qui
591 797 629 864 ds
650 797 721 865 aliis
741 795 856 864 fabulis
876 796 1027 882 cogitent,
1055 794 1089 862 in
1110 794 1223 880 quibus
1245 793 1337 860 liuri·

185 898 272 984 pides
292 897 409 965 amoris
428 897 539 965 leniter
560 897 725 965 crescentis
747 899 779 964 et
800 896 898 965 animi
922 896 1086 964 renitentis
1108 915 1145 962 ac
1163 894 1280 961 frustra
1295 893 1335 961 ad

186 1001 338 1068 sablonem
360 1018 393 1066 sc
414 999 589 1067 revocantis
610 999 784 1086 exemplum
808 1016 976 1086 proponere
990 998 1136 1083 potuerit,
1158 995 1203 1062 sic
1216 993 1336 1062 occurri
1373 1085 1376 1090 Ι
1453 1019 1455 1030 ⁴

184 1103 274 1170 licet:
301 1102 399 1169 rideri
421 1103 543 1187 poetam
572 1102 604 1168 in
631 1103 732 1170 tribus
762 1101 917 1169 similibus
937 1100 1071 1168 sabulis¹
1099 1119 1147 1166 res
1175 1097 1278 1183 potius
1301 1114 1336 1162 er

185 1204 301 1273 illicita
322 1203 453 1272 libidine
472 1203 691 1280 redundantes,
722 1204 878 1272 actionem
900 1202 1024 1289 longius
1046 1201 1236 1287 provectam,
1268 1215 1337 1283 per·

78 1302 81 1308 ’
185 1326 278 1374 sonas
299 1306 363 1372 ianr
386 1307 469 1373 circa
490 1306 591 1390 ipsum
614 1306 730 1374 amoris
752 1307 907 1390 eventum,
938 1307 975 1371 ut
997 1305 1043 1372 its
1065 1303 1177 1382 dicam,
1199 1319 1337 1368 eornmo·

185 1410 289 1476 rantes
320 1407 522 1494 proposuisse.
568 1408 652 1476 Haec
680 1408 848 1488 conclusio,
883 1425 963 1492 quae
987 1407 1019 1472 in
1043 1405 1235 1472 Stheneboea
1257 1403 1336 1469 nulli

183 1510 373 1578 dubitationi
397 1509 528 1577 obnoxia
550 1512 626 1590 est‘,
661 1510 735 1578 licet
758 1509 901 1577 Welclrer
927 1507 963 1590 (l.
986 1507 1007 1574 l.
1031 1528 1060 1591 p.
1083 1506 1157 1588 780)
1180 1506 1336 1573 oratricem

186 1611 418 1695 Bellerophonti
450 1629 520 1678 erae
551 1628 687 1678 amorem
709 1629 747 1679 ac
768 1610 965 1690 desidorium,
993 1627 1054 1694 quo
1079 1607 1238 1676 absentem
1261 1627 1335 1674 eon·

183 1713 361 1798 cupivissct,
396 1711 509 1779 vividis
531 1713 687 1781 coloribus
708 1711 905 1797 descripsisse
934 1710 1137 1797 probabiliter
1158 1709 1332 1791 coniecerit,

185 1833 258 1881 roro
279 1815 392 1882 saltem
413 1815 553 1898 proxima
574 1817 622 1882 cst
640 1815 673 1881 in
695 1814 849 1894 Phoenice
871 1813 924 1891 (ci.
946 1813 1091 1880 Welcker
1111 1812 1131 1878 l.
1152 1812 1174 1878 l.
1197 1832 1228 1896 p.
1250 1811 1336 1894 805).

185 1916 246 1984 Uni
268 1915 366 1988 Aeolo
398 1916 456 1984 hoc
489 1915 557 1983 loco
590 1916 767 1984 sceleratius
789 1914 1012 1983 examinandae
1035 1911 1204 2000 paullisper
1224 1931 1340 1996 vacare

183 2019 315 2105 oportet,
345 2037 406 2086 non
439 2017 515 2106 quin
538 2016 681 2087 Welcher
712 2017 746 2099 (1.
770 2015 790 2086 l.
814 2036 843 2104 p.
866 2017 942 2097 861)
976 2013 1124 2084 Groucrti
1157 2013 1334 2101 opinionem

183 2122 323 2189 fabulam
345 2121 538 2207 conspicatum
561 2140 627 2188 esse
648 2141 667 2188 a
689 2121 810 2189 Canace
832 2139 937 2188 coram
961 2119 1082 2186 nutrice
1102 2137 1238 2186 amorem
1262 2137 1334 2186 oon·
1370 2157 1372 2164 ·

183 2224 292 2291 litante
323 2224 509 2306 redarguens
537 2223 626 2289 unice
654 2225 733 2290 recte
760 2223 928 2289 affirmarit
955 2223 1036 2288 circa
1065 2220 1167 2306 ipsum
1193 2221 1334 2306 pariendi

183 2327 306 2410 tempus
327 2325 481 2392 actionem
503 2325 628 2404 versari,
656 2325 709 2392 sed
732 2324 807 2409 quia
830 2325 993 2393 Macareus
1013 2324 1160 2391 inductus
1181 2323 1228 2390 est
1250 2322 1333 2408 patri

182 2427 365 2512 pensuadero
386 2427 524 2513 studens,
553 2430 590 2493 ut
617 2427 698 2494 illias
727 2429 759 2494 et
790 2426 871 2493 filios
903 2427 1034 2494 conubio
1065 2426 1217 2510 iungeret,
1249 2424 1364 2511 quod,

183 2529 351 2614 Dionysius
376 2529 512 2596 testatur
538 2528 644 2611 (unet.
665 2529 721 2607 lx,
746 2531 812 2611 11):
845 2525 880 2594 ἕν
900 2530 947 2615 τῷ
968 2523 1088 2616 Αἰόλῳ
1110 2525 1129 2593 ὃ
1151 2520 1333 2610 Μακαρεύς

181 2629 270 2698 ἔστιν
290 2625 448 2720 ὁμιλήσας
468 2632 509 2719 τῇ
529 2621 655 2720 ἀδελφῇ
676 2629 730 2696 καὶ
751 2625 925 2696 λανθάνων
949 2630 1003 2695 καὶ
1027 2629 1261 2714 συμβουλεύων
1284 2634 1332 2719 api

284 2783 293 2817 ¹
314 2783 353 2840 Ut
372 2783 454 2853 plene
473 2781 511 2838 sit
530 2782 725 2853 cumulateque
743 2781 870 2854 perlecta
888 2784 1023 2855 quaestio,
1041 2783 1124 2840 huius
1137 2785 1191 2842 loci
1204 2790 1246 2842 est
1258 2802 1332 2852 eom·

182 2890 338 2930 memorare
355 2873 478 2944 reIIquas
496 2878 630 2946 cognatas
649 2871 758 2929 fabulas
778 2873 897 2930 incestas
924 2873 1037 2931 exiliter
1064 2881 1093 2931 ct
1120 2876 1241 2946 carptim
1268 2893 1331 2932 nar·
1353 2891 1358 2901 ·

180 2969 271 3019 ratas:
299 2963 451 3018 Demodice
469 2963 582 3019 Crethci
600 2981 672 3018 uxor
689 2964 825 3020 Phrixum
845 2964 967 3034 deperiit
985 2964 1100 3037 (Hygia.
1119 2966 1197 3022 Poet.
1217 2968 1332 3022 Astron.

181 3051 219 3122 11,
234 3051 291 3122 20),
313 3051 446 3106 Pallenen
473 3056 554 3122 pater
584 3052 653 3107 arsit
682 3053 784 3123 (Noun.
804 3053 918 3123 Dionys.
943 3052 1069 3123 XLVIII,
1095 3056 1130 3108 aa
1149 3055 1212 3124 sq.),
1239 3054 1332 3109 Mene·

179 3142 273 3213 pirron
297 3158 363 3196 cum
389 3144 480 3196 matre
497 3141 649 3197 concubuit
668 3141 728 3212 (Or.
746 3141 813 3197 Mct
832 3141 894 3211 vu,
913 3142 994 3213 386),
1021 3147 1145 3198 cetorum
1172 3142 1207 3200 el.
1227 3142 1329 3216 Hygia.

179 3229 201 3287 l.
219 3232 282 3285 253.
313 3259 347 3271 -
378 3229 409 3283 In
429 3228 582 3300 Pasiphaes
607 3229 767 3285 foedissima
792 3231 938 3301 voluptate
957 3231 1018 3301 ipsa
1042 3232 1225 3303 repugnantis
1244 3237 1330 3288 mate·

180 3319 241 3375 riae
259 3323 362 3375 ustura
380 3317 522 3374 obstitisse
541 3318 663 3388 videtur,
692 3318 840 3390 quominus
868 3319 1044 3375 resistentem
1072 3318 1205 3375 seminam
1228 3319 1331 3375 descri-

180 3410 296 3479 bcrent3
316 3407 351 3464 ci'.
371 3407 422 3463 Ου.
441 3410 504 3463 Art.
525 3410 585 3463 Im.
607 3408 629 3477 1,
649 3409 702 3463 289
721 3426 761 3479 sq.
790 3408 880 3464 Noun.
900 3409 1014 3477 Dionys.
1034 3407 1146 3470 XLVII,
1164 3409 1217 3464 396
1235 3426 1276 3478 sq.

282 3499 294 3532 ²
311 3497 335 3552 F
336 3497 443 3565 abulae,
461 3497 490 3551 iu
509 3496 610 3566 quibas
629 3496 771 3568 legitimus
784 3499 873 3552 Amor
892 3496 979 3552 iustos
998 3495 1156 3566 triumphos
1168 3496 1238 3568 agit,
1257 3494 1332 3552 hunc

179 3583 273 3640 Iocum
290 3601 346 3640 non
365 3591 481 3656 larrgere
500 3584 575 3640 lesud
596 3585 681 3656 longa
699 3583 887 3654 explicatione
904 3588 977 3656 eget.
997 3584 1121 3652 Quarum
1133 3583 1331 3639 celeberrimae
1420 3607 1422 3614 ,

179 3671 379 3728 Andromacha
397 3677 426 3727 ct
444 3671 542 3742 Dictys
561 3671 647 3727 luisse
668 3672 809 3742 videntur,
827 3671 857 3727 in
875 3689 930 3742 qua
949 3672 1080 3743 voluptas
1099 3687 1193 3726 sensus
1211 3676 1240 3726 et
1252 3687 1331 3726 emor

178 3760 304 3816 animum
326 3777 492 3831 permovens
515 3760 639 3831 primum
657 3760 686 3832 in
705 3761 939 3832 disceptationem
967 3760 1121 3817 sPlatone
1147 3765 1245 3831 postea
1267 3777 1329 3815 san·

178 3848 265 3904 citans
292 3853 429 3904 nocentur
461 3847 509 3917 (cl.
533 3847 580 3920 ing
611 3850 673 3903 ula.
700 3847 808 3905 Colster
837 3849 929 3905 Diatr.
955 3849 985 3905 in
1012 3848 1111 3920 Eurip.
1135 3847 1330 3920 philosophiae

178 3934 282 4003 Iocum,
305 3936 355 4005 qui
373 3942 416 3991 est
433 3936 459 3991 d.
480 3936 589 4007 smor.).
610 3963 646 3978 ·-
666 3937 698 3991 ln
718 3936 847 3992 Crotibus
866 3941 960 3993 autom
978 3935 1130 4007 Pasiphaes
1149 3940 1278 4006 stuprum
1297 3939 1331 3990 ut

178 4021 285 4078 dudum
303 4027 495 4094 antegressum
513 4023 633 4079 lortssse
657 4023 687 4079 ia
705 4025 825 4096 prologo
847 4009 1095 4080 commemoratum
1118 4028 1161 4079 est
1187 4020 1234 4092 (ci.
1254 4022 1329 4078 Jahn

177 4109 263 4165 Ascla
282 4109 371 4166 Beitr.
389 4127 417 4181 p.
435 4109 512 4182 238).

277 4199 382 4256 'illud
407 4198 522 4271 quidcm
549 4199 756 4257 Stheneboeses
789 4194 1006 4274 νουθετούμενος
1032 4199 1059 4255 δ’
1085 4195 1171 4272 Ἔρως
1190 4198 1197 4269 Ι
1219 4199 1327 4271 μᾶλλον

176 4287 260 4350 πιέζει
270 4284 335 4359 (ing.
345 4286 626 4359 conprimendum
637 4287 734 4345 Musae
753 4288 834 4346 ealda
853 4289 984 4345 adrisisse
1001 4289 1100 4346 Rehde
1118 4287 1244 4344 ostendit
1261 4287 1294 4356 (l.
1309 4288 1329 4343 1.

178 4391 207 4446 p.
228 4377 280 4430 148
296 4373 381 4446 adn).
