2982 5006
681 297 713 352 17

129 477 222 546 verba
255 467 451 552 interposuit,
487 465 600 550 quihus
633 465 787 533 alluderet
820 465 859 534 ad
889 465 932 542 id,
964 465 1046 551 quod
1070 465 1127 533 illa
1148 484 1181 542 re
1201 483 1273 531 vera

128 576 264 644 molitur.
287 605 324 616 -
349 566 523 633 Videamus
543 566 653 650 igitur,
675 584 750 632 num
771 565 902 634 diuerhii
924 585 1102 652 progressus
1121 565 1170 634 hia
1192 567 1277 632 tene·

127 677 191 744 bris
211 673 310 738 luccrn
332 665 485 733 affundat.
518 664 661 732 Phaedra
681 666 763 732 anim
786 665 980 732 demonstrat
997 685 1030 732 sa
1051 666 1182 733 nutricia
1203 684 1275 732 con·

128 776 231 842 silium
265 768 435 854 approbare
466 765 688 850 interrogando
721 785 750 831 v.
773 765 851 831 516:
885 758 1012 848 πότερα
1037 764 1074 832 δὲ
1100 756 1276 854 χριστὸνῆ
1418 837 1428 846 ,

129 867 232 942 ποτόν
252 865 290 935 cd
318 860 508 954 φάρμακονς
537 863 607 934 Scio
641 865 829 932 semanticus
860 858 1016 952 φάρμακα
1051 865 1133 934 idam
1161 865 1274 951 ualere,

130 974 210 1060 quod
226 969 457 1038 incantamenta
486 966 696 1034 devinctiones
729 966 888 1034 veneficia.
931 965 991 1034 Sed
1010 970 1115 1035 nostro
1138 968 1206 1036 loco
1228 967 1275 1036 ai·
1329 983 1333 988 ·
1431 1039 1433 1080 ἱ

60 1053 63 1142 l
130 1077 216 1142 firmo
238 1069 355 1138 voculis
375 1060 509 1150 χριστόν
535 1071 566 1134 et
591 1061 699 1133 nocis
726 1067 803 1134 satia
823 1067 989 1135 manifesto
1009 1068 1188 1154 significata
1209 1087 1274 1134 esse

60 1153 63 1256 Ῑ
129 1173 260 1242 remedia
280 1170 319 1237 ad
343 1169 484 1236 morbum
506 1169 730 1253 depellendum,
758 1169 871 1254 quippe
898 1188 977 1254 quac
1000 1169 1102 1236 divisa
1128 1187 1193 1236 asse
1214 1167 1276 1236 aci·
1416 1195 1419 1200 ·

60 1281 61 1320 r
129 1295 225 1354 amus,
247 1272 339 1359 prout
358 1270 491 1338 bibenda
507 1271 557 1338 rel
578 1270 754 1338 infricanda
776 1270 825 1338 vel
848 1269 980 1355 danique
1001 1269 1119 1338 edenda
1140 1272 1242 1337 essent
1253 1273 1273 1337 ¹.

129 1376 186 1444 Sed
209 1375 302 1440 etiam
325 1371 472 1456 graviora
494 1371 616 1456 praesto
636 1373 719 1446 aunt.
742 1389 823 1456 quae
844 1371 876 1436 in
892 1374 999 1455 aperto
1015 1373 1133 1455 ponant
1155 1373 1273 1438 veterae

59 1487 60 1524 ³
128 1477 254 1543 lectores
276 1473 435 1539 Phaedrae
466 1472 560 1539 rerba
590 1471 719 1539 minime
751 1471 791 1538 ud
825 1471 936 1557 pocula
969 1471 1133 1551 amatoria,
1163 1469 1276 1556 quibua

59 1535 63 1650 1
129 1576 313 1660 Hippolytus
340 1573 524 1640 alliciendus
551 1575 640 1648 esset,
673 1571 727 1640 scd
749 1572 789 1639 ad
811 1573 946 1640 remedia
970 1573 1106 1640 iurarem
1134 1571 1275 1640 levantia

59 1655 62 1724 ἶ
128 1676 292 1744 rettulisse.
325 1673 420 1756 Nam,
450 1674 574 1758 siquid
598 1673 697 1758 rideo,
728 1674 869 1760 tragicus
897 1676 1002 1742 nostro
1023 1676 1102 1756 loco,
1133 1676 1170 1740 ut
1196 1674 1276 1741 alias

59 1781 60 1806 ³
127 1776 311 1862 saepissime,
334 1775 459 1842 creticis
476 1778 693 1842 ornamentum
717 1778 843 1860 gratum
865 1777 1087 1862 acceptumque
1102 1776 1276 1862 suggessit3

59 1875 61 1932 ὲ
131 1896 200 1944 curn
231 1877 278 1942 illi
313 1878 386 1942 hanc
418 1877 576 1942 occultum
609 1894 731 1942 sensum
767 1876 901 1942 assecuti
925 1876 1008 1943 hunc
1035 1878 1137 1944 locum
1165 1876 1277 1944 leniter

58 1937 64 2086 1
129 1980 174 2045 sic
205 1977 376 2043 inflectant:
408 1977 507 2060 Long.
532 1977 619 2042 Peste
641 1975 682 2056 II,
705 1977 734 2042 7.
757 1977 791 2043 7:
819 1976 962 2060 Ἔρωτος
983 1967 1083 2044 ociosa
1103 1977 1277 2066 φάρμακον

58 2087 62 2162 ξ’
129 2069 169 2144 οὗ
190 2071 366 2160 πινόμενον
398 2067 461 2143 οὔκ
494 2069 694 2161 ἐσθιόμενον
727 2067 787 2142 oda
822 2075 856 2143 ἕν
878 2069 979 2165 paors
999 2071 1203 2163 λαλούμενον
1223 2073 1276 2146 ὅτι

58 2173 60 2230 ἶ
126 2174 171 2267 μή
195 2178 318 2269 φίλημα
340 2177 394 2245 καὶ
415 2172 576 2270 περιβολή
598 2177 665 2245 κτλ.
713 2177 780 2261 Quo
806 2179 990 2247 Theocritus
1019 2198 1142 2266 quoque
1163 2181 1276 2263 tendit,

58 2281 60 2372 ζ
129 2283 183 2369 qui
205 2303 224 2351 a
244 2283 379 2369 gauslino
400 2300 491 2349 sensu
514 2280 673 2348 declinans
694 2281 804 2349 Musas
825 2283 991 2368 supponit¹
1011 2282 1058 2350 Id.
1075 2282 1132 2364 111,
1157 2284 1192 2351 l:

57 2453 62 2492 Ι
277 2377 379 2452 Οὐδὲν
400 2379 468 2450 πὸτ
489 2377 547 2449 τόν
568 2379 676 2467 ἔρωτα
698 2385 840 2470 πεφύκει
861 2379 1038 2474 φάρμακον
1057 2375 1148 2466 dila,

276 2483 382 2572 Naaa'o,
405 2485 472 2552 οὔτ’
496 2481 673 2570 ἔγχριστον,
694 2482 766 2570 ἐμὶν
786 2485 888 2568 δοκεῖ,
910 2477 979 2554 or'r'a'
1002 2483 1198 2573 ἐπίπαιηον,

57 2493 62 2664 ι
276 2581 373 2674 &aad
397 2585 561 2671 Πιερίδες.
1080 2579 1081 2582 “
1198 2668 1208 2688 .

57 2693 60 2778 l
113 2691 261 2758 mimatae
294 2694 398 2758 aratam
433 2689 559 2757 unicum
589 2689 759 2757 remedium
792 2693 841 2758 cst
872 2693 910 2758 ut
937 2689 1064 2776 Delphis
1099 2689 1277 2760 Simaethac

57 2781 59 2790 ’
130 2791 210 2874 apud
232 2791 428 2858 Theocritum
451 2793 472 2858 l.
492 2792 513 2858 l.
536 2791 590 2870 (ci.
609 2792 706 2858 Anth.
727 2791 797 2858 Pal.
814 2791 851 2872 V,
876 2794 944 2858 116.
961 2793 1121 2858 Chariton.
1137 2791 1291 2876 Aphrod-
1341 2837 1344 2842 -

131 2891 184 2972 VI,
207 2893 236 2960 3.
249 2893 278 2958 7.
302 2889 401 2960 Nicat.
418 2892 496 2979 llug.
509 2892 551 2973 11,
574 2893 665 2976 243r;
691 2895 786 2978 atque
808 2893 891 2960 hunc
912 2892 945 2960 in
967 2893 1130 2980 tragoedia
1154 2911 1276 2979 quaqua

131 2995 233 3060 nutrix
247 3014 363 3079 semper
377 2995 534 3075 subaudit,
557 3014 648 3080 quern
666 2995 811 3062 uidelicet
825 2994 949 3062 aditura
965 2995 1007 3062 sit
1021 2995 1074 3074 (ci.
1090 3015 1121 3061 u.
1132 2995 1194 3062 698
1205 2995 1275 3079 sap),

131 3095 297 3160 utstatim
324 3115 483 3179 exponam.
533 3097 680 3164 Amorem
713 3097 823 3182 igitur,
856 3115 948 3182 quem
978 3116 1058 3163 anus
1084 3096 1275 3163 carminibus

57 3205 59 3254 ῑ
129 3194 654 3282 soluerasaposaeprofitebantur³‚
676 3215 775 3282 neque
788 3199 855 3264 arte
874 3185 999 3282 magici
1011 3216 1109 3284 nequa
1120 3195 1275 3264 medicina

129 3351 256 3364 *ῃ
277 3357 312 3365 ι·

228 3445 237 3478 ¹
257 3443 298 3500 Gi.
317 3445 416 3502 dasch.
436 3400 577 3502 Prometh.
596 3447 649 3502 4⁷8
666 3463 707 3518 sq.
727 3445 807 3504 Pind.
826 3446 907 3520 syth.
927 3445 977 3520 iri,
996 3449 1030 3504 bb
1043 3447 1100 3521 (92)
1119 3465 1161 3520 sq.
1184 3447 1277 3506 Sahal.

127 3532 212 3587 Arist.
232 3532 305 3588 Plut.
323 3535 387 3591 ilic
421 3532 486 3592 Τῶν
512 3530 671 3608 φαρμάκων
697 3532 730 3589 τὰ
759 3536 816 3607 pao
846 3531 1033 3607 saecularii,
1063 3535 1097 3593 τὰ
1115 3539 1147 3593 dl
1164 3531 1275 3611 χριστέ,

127 3616 160 3674 τὰ
178 3621 210 3675 dd
229 3616 308 3678 ποτά.

226 3711 238 3745 ²
257 3709 299 3766 Cf.
316 3710 477 3768 Callimach.
489 3711 589 3788 Epigr.
602 3709 705 3768 XLVII
717 3711 801 3770 Schn.
820 3712 947 3770 Praeivit
956 3712 1126 3772 Philoxenus
1138 3713 1175 3772 ai.
1185 3711 1277 3772 Sahal.

127 3795 265 3872 Theocrit.
284 3799 331 3868 Xl,
353 3805 376 3857 l.
395 3800 538 3857 Plutarch.
557 3800 650 3873 Symp.
670 3800 782 3871 Quaest
800 3802 823 3872 1,
842 3806 859 3859 b
875 3802 929 3876 irg.
948 3804 965 3858 7
982 3802 1015 3860 Β.
1031 3802 1165 3873 Quotiens
1183 3803 1275 3873 dithy-

127 3879 244 3942 rambioi
262 3894 361 3959 poetae
377 3888 577 3946 Alexandrinis
596 3890 686 3947 dacem
704 3890 902 3962 praetulerint,
920 3890 1009 3947 miror
1026 3891 1166 3948 neminem
1184 3892 1277 3949 adhuc

126 3973 318 4033 demonstrare
336 3985 468 4034 maetam
486 3997 552 4036 essa
572 4007 606 4021 -
627 3979 757 4037 Getarum
775 3980 884 4037 Musam
904 3985 953 4036 aut
971 3979 1179 4037 incantamenta
1199 3999 1275 4038 ama·

126 4063 230 4119 tarium
247 4064 372 4123 furorem
388 4067 487 4125 sedare
513 4072 600 4139 negat
615 4068 700 4124 etiarn
724 4069 891 4126 Plutarchus
909 4068 1047 4140 (Amator.
1073 4071 1124 4139 16).
1171 4069 1277 4126 Seneca

126 4149 166 4205 ita
183 4153 277 4222 potius
300 4152 355 4225 (ep.
374 4156 418 4226 9)r
450 4154 518 4228 ‘ego
536 4157 591 4213 tibi
610 4158 774 4214 monstrabo
792 4159 961 4216 amatorium
983 4158 1043 4214 aine
1061 4155 1274 4230 medicamento,

126 4236 186 4294 sina
202 4240 299 4312 herba,
317 4243 377 4300 sine
395 4245 481 4300 ullius
499 4243 639 4302 veneficae
658 4247 796 4303 carmines
814 4247 839 4303 si
856 4247 900 4304 vis
920 4247 1020 4317 amari,
1038 4240 1122 4304 ama'.

225 4329 237 4364 ⁸
255 4329 297 4386 01.
317 4329 457 4390 Thanar-it
478 4333 516 4390 ld.
536 4333 572 4403 11,
590 4338 633 4391 al.
652 4332 757 4395 Tibull.
776 4335 799 4407 1,
818 4339 843 4393 2.
862 4338 897 4393 aa
909 4353 950 4408 sq.
970 4333 1052 4409 Vas-g.
1064 4337 1136 4394 Aen.
1150 4331 1199 4405 iv,
1213 4336 1276 4393 187.
