2974 5030
744 347 781 406 09

188 513 313 588 Moneri
346 519 380 586 ἐν
414 509 494 610 όργῇ
526 509 735 610 όκατασχὲτιρ
767 521 886 607 γίνεται
920 520 975 588 καὶ
1006 511 1186 606 ἀναμίξασα
1217 512 1333 604 πάντα,
1401 533 1403 538 ’

1480 615 1481 646 i

184 615 328 708 pudone,
350 620 557 708 ζηλοτυπίαν,
580 616 696 710 ticeps,
719 616 838 711 φόβον,
860 617 981 690 ἐνενόει
1004 617 1098 703 ὅπως
1117 615 1337 713 τιμωρήσεται

183 716 242 786 τόν
263 716 547 810 ὑπερηφανοῦυεα.
592 724 732 809 Denique
757 725 911 790 insontem
934 724 1075 792 invenem
1097 724 1175 792 ielso
1198 725 1336 810 crimine,

184 823 268 907 quod
292 825 354 891 vim
384 824 443 891 sibi
469 825 606 891 voluerit
633 825 757 905 iulerrc,
784 825 866 908 npud
894 828 1013 910 petrem
1036 825 1145 892 defert.
1167 861 1210 874 --
1231 826 1336 910 llxpli-

184 925 287 990 cetius
308 924 441 992 inbelles
461 925 651 992 lineamento
667 927 844 1008 persecutus
858 945 937 1002 suern,
960 944 1030 991 cum
1045 925 1220 1010 impudicos
1236 926 1336 993 Pbee·
1478 945 1481 954 ⁴

184 1024 259 1091 drne
287 1023 457 1109 imaginem
486 1023 657 1108 legentium
680 1023 794 1091 animis
816 1027 925 1107 sponte
946 1043 1104 1091 recursem
1125 1027 1208 1092 certe
1228 1025 1335 1091 scium.

186 1125 428 1193 Animaduertcs
441 1135 573 1209 quomo,
588 1145 682 1208 quem
695 1124 867 1192 consimilis
878 1124 1024 1208 gradatio
1038 1124 1072 1191 in
1088 1125 1220 1192 Senecae
1235 1126 1336 1192 Phne-

185 1224 241 1292 drn
264 1224 367 1290 locum
388 1224 557 1291 invenerit:
589 1225 731 1290 mittitur
761 1225 910 1308 primum,
945 1244 1025 1308 quoe
1049 1227 1169 1290 costum
1192 1225 1333 1291 invenem

183 1320 411 1394 inclinatiorem
438 1324 478 1393 nd
507 1324 622 1392 scelere
651 1324 774 1406 reddet,
808 1325 918 1394 deinde
938 1324 1006 1410 ipse
1028 1324 1132 1411 puelle
1153 1343 1258 1393 morse
1279 1345 1334 1410 pc·

184 1427 329 1493 tientinm
351 1446 497 1510 rumpens
518 1427 660 1511 procedit
679 1428 711 1493 et
732 1445 869 1494 emonem
890 1426 1033 1494 lambunt
1077 1426 1198 1493 Summi
1228 1430 1332 1495 nutem

183 1528 332 1595 momenti
355 1529 510 1606 tobellee;
531 1547 613 1609 nom,
636 1527 672 1594 ut
692 1531 813 1596 teceem
835 1527 874 1594 de
894 1527 1054 1595 anedree
1075 1527 1226 1612 epistulae
1249 1546 1332 1594 eror-

183 1629 235 1698 dio
257 1629 357 1717 lepide
371 1631 418 1697 ite
438 1633 585 1699 exornato
601 1629 672 1713 (Ον.
689 1630 763 1699 Her.
783 1630 837 1712 IV,
855 1632 947 1715 lsq.;
964 1629 1004 1698 ci.
1015 1629 1089 1697 ldet
1102 1629 1160 1710 IX,
1180 1631 1243 1698 530
1256 1629 1333 1716 sq.):

333 1733 411 1816 Quen,
432 1733 493 1800 nisi
514 1735 550 1800 tu
570 1733 700 1813 dederis,
723 1735 861 1801 cariture
882 1737 930 1801 est
949 1734 1018 1818 ipen
1039 1733 1149 1812 seinte,

382 1834 484 1901 mittit
506 1833 677 1901 Ammonio
697 1833 806 1902 Cressa
828 1834 931 1919 puelle
953 1836 1030 1925 ruo,

122 1927 124 1932 ’
186 1935 269 2020 quod
291 1935 400 2002 Mento
422 1955 454 2002 se
477 1935 667 2004 confusione
686 1937 841 2003 lexentem
865 1938 1003 2003 excuset:
1024 1931 1139 2020 μηκέτι
1152 1925 1266 2019 φέρειν
1279 1933 1334 1999 do·

184 2035 311 2122 ναμένη,
334 2055 370 2104 eo
391 2036 513 2104 dolores
537 2039 569 2104 et
591 2037 749 2105 cruciatus
769 2036 958 2117 subindicat,
991 2036 1029 2104 de
1058 2036 1171 2122 quibus
1193 2035 1334 2102 Pboedre
1456 2039 1459 2045 “

184 2141 216 2205 et
237 2138 347 2224 Byblis
377 2138 527 2219 scribunt,
554 2139 722 2222 antequem
746 2140 848 2207 vicmo
876 2137 970 2206 leteri
992 2139 1146 2224 cogentur
1167 2135 1239 2220 (ον.
1261 2137 1336 2203 Her.

182 2239 242 2320 lv,
277 2241 335 2306 151
363 2259 409 2324 sq.
445 2239 520 2306 Meo.
547 2239 602 2315 lll,
636 2241 698 2306 544
724 2241 793 2325 ια).
847 2240 957 2326 Pergit
988 2240 1061 2308 illu:
1092 2228 1243 2322 ἀπρεπὲς
1273 2236 1333 2322 μέν

183 2339 281 2421 usur,
314 2340 426 2425 quibus
448 2339 578 2407 mirilico
600 2341 774 2424 respondet,
808 2341 890 2425 quod
916 2339 1071 2410 Ouidiono
1093 2342 1236 2408 Phaedre
1256 2339 1334 2406 scri·

182 2443 230 2508 bit
251 2461 280 2509 v.
305 2443 382 2508 154:
417 2434 513 2525 ‘quid
544 2441 660 2522 decent,
694 2460 755 2508 non
780 2441 864 2509 ridet
894 2441 977 2509 ullus
1005 2461 1116 2510 nmons
1148 2475 1186 2490 -
1220 2441 1261 2508 de
1282 2460 1335 2508 ve·

184 2541 269 2607 niem
297 2540 408 2621 fessae,
440 2541 580 2627 duroque
609 2542 704 2608 corde
732 2533 866 2610 domol'
900 2541 943 2624 (r.
973 2541 1058 2622 156).
1102 2540 1203 2610 Simul
1227 2544 1331 2609 sermm

183 2661 381 2728 recognosces
417 2642 510 2709 illud:
543 2641 705 2711 ‘miserere
734 2632 906 2721 ementie',
940 2661 1001 2729 qno
1029 2643 1163 2712 Senecoe
1191 2642 1332 2710 Phaedro

183 2748 215 2813 et
240 2745 348 2829 Byblis
379 2743 533 2812 flebilibus
564 2745 705 2828 precibus
732 2744 796 2812 suis
829 2745 921 2812 finem
953 2745 1119 2829 imponunt
1150 2743 1232 2828 (Son.
1256 2744 1332 2828 6713

183 2844 239 2913 Or.
265 2845 339 2913 Met.
363 2846 419 2927 IX,
440 2847 536 2929 561);
572 2845 685 2930 quibus
717 2845 832 2912 iterum
862 2847 1021 2913 subtexere
1053 2847 1153 2926 iuvet,
1187 2845 1269 2930 quod
1296 2844 1334 2911 de
1463 2924 1466 2930 Ι

184 2946 313 3031 Byblide
328 2947 519 3013 narrabant:
542 2941 742 3029 ἐρασθεῖσαν
757 2937 961 3012 coilisione
983 2938 1101 3032 λόγους
1120 2938 1210 3033 αὐτῷ
1233 2968 1334 3030 προς-
1351 2944 1354 2950 ’

182 3045 296 3134 φέρειν
326 3045 381 3110 καὶ
412 3047 579 3112 δεῖσθαι
603 3041 655 3132 μή
686 3048 887 3131 περιιδεῖν
916 3037 1042 3132 αότὴν
1067 3042 1116 3126 εἷς
1142 3047 1213 3112 πᾶν
1233 3040 1333 3112 κακόν

182 3145 417 3231 ,προελθοῦσαν
439 3145 601 3226 (Pertlren.
624 3147 646 3213 l.
668 3147 714 3229 1.).
758 3142 869 3214 Nonne
902 3165 971 3236 meo
1004 3147 1071 3214 iure
1104 3147 1138 3214 in
1170 3140 1332 3214 bisontes

183 3247 225 3331 (p.
249 3245 303 3332 64)
325 3247 491 3331 epistolem
526 3248 702 3332 suspicatus
733 3248 850 3315 erem?
877 3283 917 3298 -
940 3250 1008 3316 Iam
1040 3247 1141 3332 igitur
1170 3266 1241 3314 cum
1274 3248 1332 3314 boc

182 3367 330 3415 consensu
354 3347 432 3414 illud
455 3347 606 3414 iudicium
630 3348 815 3430 illustretur,
849 3349 931 3433 qnod
958 3348 1084 3416 Robdii
1098 3347 1186 3443 libro
1210 3347 1332 3415 obtunde

181 3448 368 3535 explicatum
387 3452 444 3535 est,
476 3448 655 3518 lnbulurnm
677 3451 906 3518 romanensium
928 3449 1094 3535 scriptores
1115 3449 1149 3517 in
1170 3449 1220 3516 lie
1240 3448 1331 3516 rebus

180 3552 264 3617 totos
285 3553 325 3618 ab
346 3551 566 3618 Alexandrinis
586 3551 727 3635 pendere,
758 3571 837 3619 novo
859 3553 1045 3638 argumento
1071 3550 1233 3635 colligitur
1258 3547 1334 3616 Ovi·

282 3766 479 3823 ¹Plutnrchne
507 3769 543 3825 dc
566 3768 695 3826 Phaedro
727 3775 825 3825 uomet
852 3769 883 3840 (l.
902 3771 946 3841 bic
977 3765 1034 3839 ἥτις
1054 3769 1103 3825 τοῦ
1129 3763 1270 3852 προγόνου
1293 3769 1332 3827 ete
1433 3758 1435 3762 ¹

179 3856 334 3926 ἐπιθυμίαν
351 3855 519 3926 ἐμπεσοῦσα
536 3853 586 3924 τὴν
602 3851 711 3929 ερόφσν
729 3858 868 3929 ἔπεμψεν.

279 3943 291 3976 ¹
311 3939 423 3998 Tritum
450 3942 521 3999 illud
547 3943 612 4000 inde
641 3944 677 4000 eb
704 3943 805 4001 cndcoi
830 3944 974 4002 ancdree
999 3945 1030 4002 in
1052 3944 1153 4002 Veleto
1173 3942 1327 4015 Hippolyto

179 4028 329 4102 dictoing.
348 4033 401 4086 436
421 4029 469 4101 (ci.
488 4031 543 4104 ing.
561 4033 641 4102 lesu
1230 4053 1231 4056 ’

378 4119 467 4190 ἔγωγε
486 4124 561 4193 φημὶ
579 4125 626 4175 nul
643 4115 735 4192 νόμον
750 4138 782 4192 γε
800 4117 841 4193 μὴ
860 4126 954 4190 σέβειν

378 4206 410 4262 ἐν
426 4212 498 4263 τοῖσι
516 4208 617 4269 δεινοῖς
633 4209 689 4264 τῶν
706 4204 903 4280 ἀναγκαίων
920 4211 1016 4266 πλέον.

180 4292 231 4349 cui
255 4292 375 4350 incestos
399 4295 508 4366 puellos
526 4295 781 4353 Alexandrinorum
806 4297 978 4352 cerminibue
1001 4296 1155 4353 celebrates
1179 4294 1216 4351 ed
1242 4311 1327 4350 nncrn

179 4399 275 4438 omne·
293 4383 421 4452 plausum
441 4383 539 4439 tulisse
556 4384 661 4454 poesim
678 4384 878 4441 demonstravi.
921 4384 923 4389 ’
1058 4396 1060 4400 ’
