2974 5030
718 307 759 381 reg

157 498 321 567 procorum
342 481 431 567 eopia
452 482 554 568 urget,
579 481 802 568 interrogantis
825 481 948 568 qualem
965 480 1066 548 virum
1082 480 1195 550 habers
1209 481 1305 566 optet,

157 583 334 670 respondet:
362 581 515 652 ‘similem
536 583 618 668 tibi,
632 602 752 670 semper
770 585 913 652 occursat
935 583 1039 652 animo
1061 581 1169 652 Cressa
1192 581 1305 650 mulier

156 703 191 755 eu
211 685 341 755 adverso
362 685 461 755 amati
482 685 605 755 iuuenis
626 687 714 756 stans
742 687 774 756 ot
800 704 946 774 perquam
972 683 1089 754 similia
1114 683 1305 754 deuerticula

155 787 361 875 flexionesque
381 807 540 876 quaerens,
573 807 642 856 cum
665 790 711 858 ita
732 789 966 876 tergiversatur,
994 789 1031 855 ut
1057 787 1304 872 obstupefactum

156 889 335 976 priuignum
369 894 492 960 reuocet
522 891 562 960 ad
588 891 697 960 Thesei
728 891 835 958 uultus
861 890 978 976 priores
1003 889 1126 958 eteius
1153 890 1303 975 tanquam

155 991 290 1059 similem
322 992 464 1076 speciem,
499 993 532 1059 in
562 1011 656 1077 qnam
688 991 866 1059 exardescat
898 991 983 1076 (Son.
1014 1008 1044 1057 v.
1071 991 1134 1056 646
1157 989 1231 1074 sep).
1265 1024 1303 1036 -

156 1091 245 1159 Unus
273 1093 373 1160 restat
404 1093 500 1174 iocus,
535 1093 625 1160 curius
656 1091 811 1177 exemplar
833 1091 996 1177 indaganti
1019 1091 1098 1158 mitri
1119 1110 1180 1159 non
1201 1091 1305 1158 minus

109 1223 113 1233 ,
155 1191 259 1259 forsan
285 1193 496 1278 applaudatis.
540 1194 622 1261 Nam
648 1193 775 1279 Myrrina
803 1193 904 1260 mults
930 1192 1025 1260 verba
1051 1191 1203 1277 impendit
1229 1193 1304 1258 sim·

155 1293 264 1377 plicam
302 1295 433 1362 naturae
467 1295 601 1380 statum,
637 1313 700 1380 quo
735 1293 886 1363 animalia
917 1294 1004 1361 nulio
1035 1294 1152 1362 dilectu
1182 1295 1303 1379 coeant,

155 1414 228 1480 prae
258 1397 395 1464 hnmana
426 1397 576 1464 societate
607 1397 803 1464 fortunatum
836 1395 942 1464 dicens
975 1416 1003 1464 u.
1030 1397 1093 1464 323
1120 1416 1166 1482 sq.
1219 1395 1303 1482 Qua·

154 1497 233 1563 lium
266 1498 488 1582 exemplorum,
528 1485 562 1564 iu
598 1499 712 1584 quibus
746 1497 930 1566 animalium
964 1497 1032 1564 rita
1062 1517 1134 1565 curn
1166 1498 1303 1566 humana

154 1596 187 1662 in
213 1598 444 1683 comparatione
470 1599 690 1686 coniungatur,
721 1597 947 1666 Alexandrinos
977 1598 1084 1684 postas
1114 1598 1163 1665 rel
1196 1616 1303 1666 eorum

154 1698 286 1765 asseclae
308 1699 465 1766 Romanos
492 1701 614 1768 affatim
644 1699 841 1784 suppeditare
872 1701 980 1766 notum
1008 1699 1056 1766 est
1065 1701 1086 1766 ¹.
1139 1697 1199 1765 Sed
1231 1717 1302 1766 cum

154 1796 244 1882 virgo
273 1798 426 1867 humanas
458 1800 619 1886 malignae
651 1818 743 1868 curce
767 1799 852 1884 leges
878 1817 949 1866 cum
980 1798 1140 1885 grauitate
1165 1797 1300 1883 quadam

154 1898 311 1984 vituperat
337 1918 366 1965 r.
387 1902 449 1968 329
468 1922 526 1988 sq„
557 1902 614 1970 aut
647 1901 741 1969 iallor
771 1904 829 1968 aut
860 1901 912 1968 hic
942 1900 1029 1968 locus
1059 1899 1156 1966 altius
1189 1898 1300 1968 deduci

153 2001 256 2086 potest
282 2003 322 2070 ad
347 2003 449 2089 ipsum
481 2004 601 2073 scilicet
621 2003 810 2089 Errripideru,
833 1989 931 2071 'cuius
952 2001 1126 2071 Phaedram
1149 2003 1242 2070 actm
1262 2002 1301 2071 de

82 2143 85 2148 ·
154 2102 285 2188 Byblide
306 2123 413 2173 senum
436 2107 492 2176 iila
518 2107 588 2174 iura
610 2108 755 2193 toposque
778 2107 963 2191 aspernante
985 2105 1150 2191 disputans
1180 2105 1223 2191 (p.
1244 2104 1300 2198 63)

152 2204 313 2275 laudaui¹.
355 2208 467 2276 Promo
490 2209 573 2277 enim
599 2229 747 2296 perquam
779 2208 914 2276 similem
938 2207 981 2275 in·
993 2206 1186 2276 Philemonis
1214 2208 1301 2294 trag·

152 2310 258 2376 mento
286 2311 327 2378 90
358 2310 661 2397 argumentationem
669 2315 692 2392 ⁸,
730 2311 818 2377 curius
850 2311 1005 2377 extremus
1037 2310 1163 2397 quidem
1185 2329 1300 2379 uersus

152 2411 252 2478 vincit
271 2411 399 2480 minime
420 2412 459 2479 de
480 2413 598 2480 incesto
626 2413 817 2482 defendendo
838 2413 905 2499 agia
928 2412 981 2480 sed
1003 2413 1227 2482 sententiarum
1250 2412 1299 2481 lu·

151 2514 238 2583 mina
256 2533 317 2582 non
338 2514 422 2583 inira
437 2514 637 2600 Euripideum
650 2517 836 2584 cothumnm
859 2518 942 2598 sunt,
964 2515 1053 2584 cuim
1076 2514 1300 2586 admiratorem

153 2680 194 2688 .-
199 2680 345 2687 Νι--.

254 2763 263 2795 ¹
282 2762 415 2821 Confer-as
433 2782 475 2820 ex.
494 2781 538 2836 gr.
557 2762 640 2821 Ouid.
658 2766 722 2821 Art.
735 2768 799 2822 Am.
819 2766 841 2838 1,
861 2767 922 2822 279.
948 2765 1195 2838 tycinensem.
1215 2763 1297 2837 Varg.

150 2853 221 2908 Aen.
240 2851 287 2920 IV,
307 2853 368 2908 oet.
388 2852 516 2924 Propert.
535 2853 586 2923 111,
606 2855 648 2910 id.
667 2856 702 2909 27
722 2855 757 2910 Η.
1212 2904 1215 2910 ,

251 2940 406 2997 'Similem
435 2959 532 2998 senum
559 2942 708 3016 legumque
736 2944 949 3016 despicientiam
975 2943 1117 3018 significat
1134 2941 1297 3015 Propertius

149 3030 200 3097 111,
219 3031 262 3086 30.
283 3031 315 3087 ld
335 3048 375 3102 sq.
394 3029 438 3102 H„
467 3031 583 3088 idoneus
603 3038 701 3090 auctor
719 3033 773 3092 hoo
791 3039 987 3091 oruamentum
1007 3053 1024 3091 a
1043 3033 1151 3108 tragica
1169 3031 1297 3090 Phaedra

149 3117 264 3175 ductum
283 3125 382 3190 postea
399 3120 475 3191 apud
493 3122 699 3178 Alexandrinos
716 3123 837 3180 creticos
856 3123 1066 3195 frequentatum
1084 3141 1152 3181 aas.
1169 3149 1203 3164 -
1223 3123 1297 3180 cave

148 3211 243 3265 autem
264 3226 299 3265 ne
317 3208 380 3265 ideo
398 3208 433 3264 de
451 3207 546 3266 Ovidii
565 3211 719 3281 exemplari
738 3211 848 3268 desinas
866 3228 1009 3282 quaerere.

249 3297 261 3333 ⁸
279 3295 345 3370 nug.
364 3298 418 3354 inc.
438 3296 512 3353 v111.
532 3298 570 3354 M.
590 3297 637 3369 tr,
655 3301 706 3354 tid:
739 3361 741 3366 ,

345 3375 576 3456 Ὠῐρισμακάρια
595 3380 685 3442 πάντα
703 3389 749 3440 ant
767 3380 903 3457 rprco'tssrc

345 3468 378 3528 sd
397 3471 482 3544 θηρθ,
500 3467 541 3533 οἷς
558 3469 608 3528 οὐκ
626 3474 684 3529 ἔστι
703 3477 767 3546 περὶ
784 3467 888 3530 τούτων
904 3467 998 3546 λόγος·

346 3551 403 3614 οὔτ’
421 3562 459 3621 εἰς
478 3561 595 3633 ἔλεγχον
612 3557 696 3618 οὐδὲν
712 3558 804 3618 αὐτῶν
822 3565 938 3636 ἔρχεται,

345 3641 400 3702 oir'r’
418 3639 484 3703 ἄλλο
501 3647 600 3704 τοιοῦτ’
617 3645 701 3706 οὐδέν
718 3649 776 3706 ἔστ’
794 3646 886 3712 αὐτοῖς
903 3643 990 3707 κακόν

345 3730 474 3808 ἐπακτόν,
492 3732 527 3806 ἣν
545 3737 572 3792 δ’
590 3731 823 3812 &veteratricem
842 3734 929 3814 φύσιν

345 3822 471 3888 ἕκαστον,
492 3819 575 3887 εὐθὺς
592 3829 639 3882 act
657 3820 748 3900 νόμον
764 3823 864 3896 ταύτην
880 3830 947 3901 ἔχει.

344 3908 424 3982 ἡμεῖς
441 3912 467 3966 d'
488 3908 607 3982 ἀβίωτον
624 3915 716 3988 ζῶμεν
732 3907 877 3986 ἅνθρωποι
896 3919 971 3985 βίον·

344 3994 510 4074 deuterioprer
527 3997 659 4075 odouacro,
680 3998 804 4077 εὑρόντες
820 3997 924 4077 νόμους

344 4084 532 4161 nporu'vcrcrv,
550 4087 717 4163 Iyyc'vorcrr.
740 4089 790 4149 ota
807 4084 871 4150 ἔστ’ι
884 4091 1036 4168 ἀποτυχεῖν

341 4177 438 4248 acaci,
456 4172 602 4253 πρόφασιν
619 4181 646 4236 d‘
664 4177 710 4236 etet
725 4182 776 4238 τιν’
793 4183 993 4256 ἔξευρίσκομεν.

145 4265 281 4323 Stobasus
298 4264 375 4323 Flor.
394 4267 438 4322 98.
459 4272 500 4324 14.
521 4296 552 4309 -
572 4269 605 4326 V.
624 4273 641 4327 a
660 4270 727 4327 libri
744 4266 835 4328 αὐτῶν
850 4268 943 4330 οὐδέν.
969 4271 1154 4345 Transposuit
1167 4273 1292 4331 Grotius.

144 4355 179 4414 V.
196 4356 214 4411 t
232 4353 361 4439 Meinske
381 4356 488 4414 mauult
508 4352 674 4431 ἐκγόνοισιν.
