2982 5006
768 361 804 416 48

216 538 273 616 est,
305 553 362 620 pro
384 532 493 600 iudicii
514 548 623 599 norma
644 530 789 612 tenueds,
820 531 852 597 in
875 529 977 599 media
999 528 1106 597 latnie
1126 528 1248 595 nullum
1269 525 1358 595 inre·

215 636 290 704 nies.
343 633 512 718 Prologum
543 632 648 700 autern
682 631 831 699 Venerem
863 631 929 699 illio
961 649 1083 718 queque
1117 631 1255 698 locutam
1293 647 1357 697 esse

215 737 333 824 peritus
354 735 483 823 quisque
503 751 574 801 oum
597 732 758 801 Welclrero
781 732 954 801 concludet.
998 732 1109 800 Restat
1129 731 1200 799 tinia
1223 729 1356 811 lebuine,

214 839 253 906 de
273 857 335 923 quo
355 837 439 905 Jahn
460 835 496 916 (l.
518 833 554 918 l.)
577 835 741 920 cogitauit,
774 853 871 920 neque
901 834 968 901 illic
1001 833 1099 900 alium
1131 834 1234 900 locum
1257 832 1357 910 uideo,

213 939 274 1004 nisi
295 956 358 1023 quo
378 938 482 1004 Dieuc
505 935 664 1003 Pbeedrea
685 936 802 1002 selsam
819 934 1045 1002 accusationem
1067 933 1195 1000 revelat.
1228 931 1287 998 Sed
1306 931 1356 998 cui

212 1040 316 1107 Diana
330 1037 461 1106 crimine
475 1037 577 1122 aperit
590 1036 650 1104 nisi
661 1027 788 1116 'lbeseo
810 1035 859 1103 cui
875 1053 1136 1120 superuacaneum
1153 1037 1221 1102 aret
1235 1035 1357 1121 copiose

213 1140 335 1208 narrari
345 1139 518 1207 Phaedram
530 1138 562 1204 in
576 1158 647 1206 erce
657 1139 768 1206 Veneri
780 1137 929 1223 templum
939 1141 1155 1206 consecrasse?
1171 1139 1356 1206 Desinemus

209 1242 312 1330 igitur
331 1239 467 1309 elumbes
488 1240 544 1308 boo
565 1257 679 1319 uersus,
700 1256 778 1325 quos
798 1237 960 1324 imperitus
974 1237 1165 1308 versificator
1178 1238 1323 1327 procudit
1334 1243 1355 1322 ¹,

211 1342 353 1428 Euripidi
374 1341 522 1422 tribuere,
554 1341 736 1426 praesertim
765 1358 835 1408 oum
862 1359 966 1408 eorum
994 1340 1193 1426 interpolatio
1219 1342 1286 1409 tem
1309 1341 1356 1409 ie·

211 1444 302 1511 oileus
322 1442 509 1528 explicatum
521 1441 670 1520 inueniat,
686 1459 781 1526 quam
797 1440 906 1508 vellem
922 1442 1027 1508 omnie
1041 1441 1219 1508 huiusmodi
1234 1441 1355 1510 menda.

211 1543 334 1613 Scimus
354 1543 436 1610 enirn
457 1543 576 1609 cultum
597 1545 703 1608 nostro
728 1541 796 1608 loco
817 1541 1028 1626 significatum
1051 1541 1208 1608 novicium
1231 1540 1354 1609 luisse'.

210 1645 292 1728 Quid
314 1644 412 1730 igitur
443 1645 546 1728 magis
574 1642 741 1710 verisimile
767 1641 824 1717 est,
851 1660 945 1728 quum
973 1641 1138 1710 histriones
1161 1643 1352 1710 occasionem

208 1747 319 1830 sponte
329 1744 466 1812 obletrm
477 1743 899 1827 auidissimeemplesosesse,
909 1745 945 1809 ut
953 1743 1161 1827 spectantium
1171 1744 1354 1810 eurestecta

208 1847 301 1914 buius
315 1845 419 1911 cultus
433 1843 666 1932 significatione
675 1843 857 1924 titillarent3
879 1862 950 1909 uem
965 1841 1118 1910 Graecum
1130 1844 1244 1930 uulgus
1254 1843 1353 1913 omni·

208 1948 266 2016 bus
276 1944 474 2031 temporibus,
488 1964 548 2011 uon
557 1944 964 2012 Alexandrinorumdemum
975 1946 1089 2026 aetate,
1095 1967 1157 2033 que
1163 1946 1360 2016 litteratores

207 2046 390 2115 umbratiles
410 2046 442 2113 in
464 2047 512 2113 his
532 2046 623 2114 rebus
643 2047 769 2132 ingenie
790 2049 999 2128 exercuerunt,
1030 2044 1145 2115 αἰτίων
1173 2050 1352 2118 amentissi-

206 2168 294 2216 mum
314 2148 391 2216 eret.
426 2146 550 2214 Etenim
572 2147 650 2214 setis
670 2147 800 2233 antiquo
822 2150 959 2232 tempore
979 2150 1060 2218 beno
1080 2150 1351 2238 interpolationem
1392 2148 1394 2152 ’

207 2250 240 2316 in
264 2247 451 2318 editionibus
475 2249 627 2316 sancitam
654 2267 720 2316 esso
751 2249 899 2318 historiae
920 2251 1072 2319 fabuleris
1093 2255 1274 2338 compendia
1296 2254 1351 2321 do·

206 2353 350 2418 eumeuto
376 2349 460 2429 sunt,
489 2351 596 2434 utpote
622 2369 704 2435 queo
731 2354 871 2418 nostrum
898 2353 1061 2438 prologum
1083 2373 1120 2422 eo
1141 2353 1257 2432 ordine,
1288 2375 1351 2441 quo
1377 2409 1384 2424 ..
1436 2367 1442 2374 '

126 2511 131 2518 .
205 2470 289 2518 nuno
307 2450 435 2536 legitur,
458 2469 518 2518 non
541 2452 677 2535 quinque
699 2453 823 2518 tentum
845 2472 951 2520 versus
965 2455 1350 2538 comitemne-Nescio

203 2553 321 2631 eutem,
353 2571 394 2618 au
423 2551 463 2618 ad
486 2552 582 2618 elium
615 2553 773 2635 praeterea
805 2553 924 2638 prologi
958 2554 1060 2621 locum
1087 2554 1286 2640 Asclepiades
1317 2575 1350 2624 se

204 2652 325 2736 pererit
345 2670 492 2718 nameus:
514 2647 583 2718 rios·
596 2653 652 2734 (sc
669 2648 808 2738 Θησεῠς)
834 2655 935 2737 τριῶν
956 2648 1002 2734 ὥς
1026 2678 1127 2742 φασιν
1147 2657 1238 2743 αὐτῷ
1261 2651 1414 2741 παρὰ-,....
1462 2673 1463 2680 “

203 2751 264 2818 τοῦ
290 2751 501 2830 Ποσειδῶνος
521 2743 629 2835 eripuis
651 2743 760 2820 οὗσών
781 2749 1065 2841 demordemus·
1087 2749 1139 2824 ὅτι
1159 2751 1200 2822 ὃν
1220 2757 1348 2846 εὔξηται

202 2851 414 2934 συντελέσειν,
444 2848 623 2934 πιστεύσας
643 2855 683 2945 τῇ
709 2853 837 2945 Φαίδρᾳ
859 2851 1085 2940 potaverimus
1104 2853 1247 2950 ᾐτήσατο
1268 2858 1346 2945 παρ’

202 2949 304 3018 αὐτοῦ
325 2949 383 3018 τὸν
402 2954 465 3019 τοῦ
487 2949 627 3034 παιδὸς*
649 2946 802 3041 ὄλεθρον.
845 2957 952 3024 Venus
977 2959 1024 3026 ua
1052 2959 1084 3024 ln
1105 2958 1234 3044 prologo
1256 2961 1349 3028 Euri·

202 3053 293 3136 pideo
315 3072 345 3119 r.
367 3055 409 3120 43
430 3073 492 3139 eq.r

400 3152 454 3219 καὶ
474 3149 534 3218 τὸν
552 3151 613 3236 μὲν
634 3147 714 3239 ἡμῖν
735 3153 895 3238 πολέμιον
916 3154 1042 3221 νεανίαν

399 3256 507 3321 κτενεῖ
528 3248 636 3344 πατὴρ
659 3246 803 3338 sipulum,
824 3246 901 3336 igi
924 3250 1061 3337 πόντιος

402 3344 485 3439 ἄναξ
500 3356 675 3449 Ποσειδῶν
694 3345 825 3425 ὤπασεν
846 3359 950 3446 Θησεῖ
971 3354 1075 3446 pe'porc,

399 3454 501 3544 μηδὲν
519 3451 658 3542 μάταιον
681 3452 730 3539 εἰς
750 3458 821 3549 τρὶς
839 3448 1000 3544 rigaudus
1019 3461 1093 3549 deq}
1105 3464 1127 3528 ⁵.

303 3677 313 3710 ¹
330 3675 442 3733 Nemini
460 3677 633 3734 ”nationem
651 3677 723 3736 bens
741 3680 853 3737 cessisse
872 3699 929 3739 non
946 3681 1027 3754 perri
1045 3681 1146 3754 pando.

301 3764 373 3821 'Gi
391 3765 578 3822 Wilsmovrits
601 3766 740 3841 Philolog.
760 3769 927 3826 Untersuob.
946 3769 960 3826 Ι
978 3789 1005 3842 p.
1025 3774 1086 3834 170,
1113 3771 1163 3840 qni
1181 3772 1345 3840 ceteroquin

199 3851 299 3908 eodem
320 3869 416 3910 errore
438 3871 494 3924 quo
511 3853 587 3910 Jahn
606 3860 637 3910 et
656 3855 787 3913 Wbeeler
804 3858 933 3933 illigatus
956 3863 999 3915 est
1024 3858 1055 3914 in
1076 3859 1170 3930 priore
1189 3858 1345 3931 Hippolyto

199 3939 308 3998 iontem
324 3941 552 4013 interpolationis
570 3959 715 4014 quaerens.
1356 3941 1359 3949 ¹

300 4031 313 4065 ⁸
332 4025 670 4105 &contemplemur
689 4034 841 4090 buttrnann
860 4052 912 4108 pro
930 4034 999 4093 eluas
1018 4030 1206 4110 aipeiiyqoer.

299 4118 403 4189 ‘nep'
419 4114 502 4175 abab
522 4119 570 4175 τὸν
587 4121 635 4176 τοῦ
652 4120 754 4183 ιιιιιδὸε
774 4123 927 4179 Euttmann
946 4141 999 4196 pro
1017 4122 1092 4195 erupis
1110 4126 1159 4180 τοῦ
1176 4120 1285 4187 παιδός.

298 4205 461 4269 ⁸.eresler
478 4207 591 4278 quidem
610 4207 639 4274 (1.
653 4209 672 4265 l.
684 4226 712 4280 p.
725 4211 772 4280 ⁴8)
791 4210 876 4267 etiam
894 4210 945 4268 bos
958 4229 1052 4268 sersus
1064 4212 1196 4285 Euripidi
1209 4213 1343 4288 abroqetp
1477 4271 1481 4279 ,

199 4293 248 4364 qui
265 4294 290 4350 si
309 4301 386 4351 reete
403 4294 561 4364 iudicasset,
583 4296 702 4353 alteram
720 4298 788 4354 satis
806 4299 953 4371 antiquam
971 4299 1217 4372 interpolationem
1234 4300 1342 4360 tenere·

196 4398 268 4438 maa
303 4380 358 4440 Sed
375 4391 542 4458 mensa
558 4384 697 4442 validiora
713 4385 850 4446 desidero.
