2974 5030
90 495 166 564 dum
187 495 288 564 sodeti
310 497 510 578 renovantur,
528 494 603 562 dum
626 495 660 563 in
682 513 717 564 eo
741 495 797 576 est,
819 497 856 562 ut
875 495 916 564 ed
932 514 1050 564 renone
1063 494 1239 582 eoniugiet3
1275 507 1283 520 ¹

90 595 157 664 sole
178 597 244 663 oroi
265 596 413 664 terrisuln
435 596 678 681 formidinesque
699 598 731 664 et
754 596 834 664 lusis
856 596 1011 680 eupidites
1033 595 1189 664 blanditer
1206 597 1240 662 in

90 695 255 764 iuuenilem
287 696 427 765 enimum
460 695 592 764 induens
622 696 729 763 omnis
757 695 909 764 moriondi
931 696 1062 766 oonsilio
1082 697 1241 782 propulset

90 817 121 864 r.
142 799 205 865 802
224 817 270 884 sq.
288 833 323 848 -
341 796 447 866 Ouidii
469 797 605 883 Byblida
627 797 850 884 ldprrbemque
871 799 976 866 tenore
998 797 1145 880 rideeris;
1167 817 1239 865 nem

90 898 122 965 in
145 917 181 965 eo
202 918 325 983 quoque
344 897 419 964 illes
440 897 578 982 virgines
600 897 729 966 mudum
756 897 909 964 retionem
935 899 1123 982 sequuntur,
1158 898 1240 982 quod

90 997 123 1064 iu
154 997 293 1065 oonsiliis
325 1016 429 1065 seeum
464 996 673 1081 ponderandis
706 998 807 1081 primo
839 996 908 1064 loeo
934 997 1010 1063 iusti
1037 1016 1076 1064 eo
1105 996 1239 1082 legitimi

91 1097 226 1164 oeloulos
258 1097 446 1176 subducunt,
478 1095 591 1163 deinde
622 1097 663 1162 ed
695 1097 810 1163 illicite
845 1096 985 1180 oonsilie,
1015 1115 1095 1181 ques
1115 1096 1242 1163 ederutu
1373 1130 1376 1136 ν
1468 1103 1471 1107 ’

90 1196 189 1264 libido
221 1214 341 1280 semper
370 1198 494 1282 pressto
523 1197 628 1279 hebet,
658 1195 858 1265 deseendunt
902 1197 1039 1281 Uterque
1064 1197 1180 1289 eutem,
1212 1197 1243 1262 et

91 1301 182 1382 poete
207 1297 367 1364 ltomenus
396 1295 483 1380 (Met.
505 1297 546 1374 X,
566 1296 629 1363 372
650 1294 713 1382 sq.)
736 1295 927 1386 otUGreoous
947 1297 990 1380 (v.
1013 1297 1075 1363 755
1096 1293 1166 1383 sq),
1196 1297 1243 1382 ip·

90 1418 157 1466 sem
185 1397 325 1483 suspensi
351 1398 450 1464 animi
477 1397 713 1465 tluotuetionem
743 1397 840 1464 simili
863 1396 1014 1478 illustret,
1044 1397 1125 1483 quod
1160 1397 1242 1464 idern

91 1500 189 1568 enimi
222 1493 390 1566 elleo'tuum
426 1497 564 1566 diluoide
601 1497 866 1583 depingendurum
901 1498 1042 1566 studium
1077 1497 1242 1566 manifesto

91 1601 237 1669 ostendit.
280 1599 404 1668 Similia
434 1604 539 1666 eutem
575 1598 734 1684 similique
769 1599 891 1666 retiono
925 1599 1074 1667 exornate
1105 1597 1241 1682 exemplu

90 1721 267 1769 sermonum
298 1700 501 1778 internorum,
535 1699 648 1784 quibus
675 1700 817 1766 ementes
843 1699 995 1768 sollicitos
1017 1699 1139 1768 enimos
1161 1699 1241 1766 rele-

90 1804 173 1882 xent,
195 1802 304 1887 poetes
318 1799 539 1885 Peuopoliteni
555 1798 746 1886 Dionysieee
767 1799 935 1867 excutienti
957 1800 1016 1868 tibi
1037 1800 1121 1868 haud
1145 1818 1241 1885 psuoe

91 1904 259 1971 efferentur
272 1907 291 1970 ¹.
930 1913 932 1920 ’

190 2005 257 2071 lem
288 2003 415 2087 longam
452 2021 490 2070 eo
520 2003 678 2087 spinosum
711 2005 746 2070 et
777 2003 862 2071 beud
893 2002 1122 2072 iuiruotuueem
1147 2003 1240 2085 viem,

92 2125 154 2191 que
174 2105 361 2185 refellebam,
385 2123 465 2189 ques
485 2105 556 2189 quis
580 2104 687 2171 iorseu
708 2104 960 2172 oontredioturus
980 2106 1069 2183 esset,
1092 2105 1242 2189 permensi

91 2207 262 2290 paratiores
283 2205 399 2272 erimus
419 2205 460 2270 ed
481 2205 709 2272 esstimeudem
731 2206 815 2272 rosto
842 2205 958 2273 iudieio
986 2204 1125 2273 iebulem
1154 2223 1241 2272 amu·

91 2307 205 2373 tou-iem
240 2306 272 2372 in
303 2305 423 2372 deeimo
457 2304 583 2390 Apuleii
618 2305 909 2389 Metamorpboeson
943 2306 1024 2374 libro
1055 2307 1242 2388 sustentem,

92 2427 172 2493 ques
194 2408 235 2474 ed
257 2405 406 2474 Seusoem
439 2405 567 2491 eiusque
601 2406 758 2491 exemplar
790 2424 846 2473 nos
865 2407 1004 2474 redueet
1030 2425 1069 2474 uo
1089 2405 1149 2473 toti
1169 2406 1243 2473 buio

93 2507 267 2591 quaestioni
289 2506 379 2592 qussi
400 2506 564 2592 festigium
587 2505 773 2590 impositure
795 2509 852 2572 est.
885 2540 926 2555 —
953 2507 1073 2592 Agitur
1093 2506 1131 2574 de
1151 2505 1242 2573 tuteli

93 2626 243 2676 nouorons
274 2626 379 2675 emore
415 2607 448 2673 iu
483 2606 674 2692 privignum,
706 2625 797 2692 quem
834 2609 871 2674 ut
902 2625 1009 2675 verum
1035 2606 1241 2692 Hippolytum

90 2703 208 2793 ‘probo
238 2708 413 2776 litteratum
447 2709 543 2793 etque
579 2708 619 2775 ob
648 2707 681 2774 id
708 2709 931 2793 ebusoquenter
953 2709 1070 2794 pietete
1090 2707 1242 2776 modestis

91 2797 308 2894 prueoipuum'
329 2809 463 2892 scriptor
479 2807 660 2900 introdusit
691 2809 731 2890 (o.
752 2809 813 2887 Ille
844 2825 976 2876 novenos
1002 2806 1120 2876 ‘torma
1140 2805 1242 2892 megia

92 2929 187 2994 quum
217 2909 355 2976 moribus
386 2910 420 2975 in
454 2909 546 2975 domo
579 2908 686 2975 meriti
719 2899 928 2993 praepollens’
957 2910 1014 2976 set.
1062 2910 1113 2975 Ite
1144 2908 1243 2992 igitur

92 3009 243 3092 Apuleius
270 3010 391 3075 uemetr
420 3002 499 3076 ‘Sed
532 3008 644 3075 mulier
668 3007 724 3074 ille
752 3027 846 3093 quem
873 3007 927 3074 diu
949 3007 1058 3092 primis
1086 3006 1262 3083 elimentis,

92 3109 211 3196 Cupido
234 3107 382 3194 parvulus
404 3109 610 3189 nutriebatur,
632 3107 786 3176 inbecillis
799 3109 901 3175 edbuo
921 3109 988 3186 sius
1009 3109 1129 3176 viribus
1151 3107 1243 3177 ieoils

91 3211 235 3277 ruborem
268 3210 393 3276 tenuem
424 3209 599 3295 deprimens
625 3210 751 3277 silentio
779 3211 952 3278 resistebat.
996 3211 1041 3276 At
1073 3209 1127 3278 ubi
1158 3227 1243 3278 oom-

93 3310 185 3396 pletis
204 3311 277 3396 igue
298 3329 432 3378 veesenu
455 3311 532 3378 totis
554 3310 743 3396 pressurdiis
764 3310 930 3378 immodice
953 3303 1125 3378 beoobetus
1147 3312 1244 3378 Amor

24 3498 28 3507 Ι
91 3412 302 3491 exaestuabat,
324 3412 476 3479 saeuienti
498 3412 554 3480 deo
577 3412 639 3480 iem
662 3412 837 3489 suoeubuit,
871 3413 903 3480 et
923 3411 1075 3496 leuguors
1095 3412 1242 3480 simulato

14 3514 38 3526 ’“
92 3513 205 3580 vulnus
226 3512 323 3581 enimi
346 3514 498 3581 mentitur
517 3514 550 3580 iu
572 3513 708 3599 eorporis
734 3514 942 3582 valetudines
976 3515 1047 3582 lem
1069 3516 1171 3581 sotere
1193 3531 1242 3579 se·

2 3619 27 3708 χ’
91 3613 168 3681 lutis
198 3615 366 3701 vultusque
393 3614 580 3682 detrimenta
606 3617 638 3682 et
664 3615 767 3700 eegris
793 3618 825 3682 et
851 3613 1030 3682 ementibus
1057 3611 1240 3681 examussim

2 3719 3 3724 ’
91 3715 255 3784 usuvenire
276 3735 366 3784 nemo
393 3717 447 3802 qui
467 3717 601 3785 ussoiet:
633 3716 734 3801 pellor
761 3715 919 3801 deformis,
951 3716 1124 3783 meroentes
1151 3713 1242 3798 oouli,

90 3818 174 3886 lesse
194 3837 307 3904 genua,
328 3818 416 3903 quies
437 3818 565 3886 turbida
587 3819 618 3886 et
633 3818 799 3902 suspiritus
816 3817 974 3885 orusietus
988 3816 1140 3884 terditete
1153 3815 1241 3882 vebs

91 3915 248 3988 montior'.
271 3919 521 4005 Insequentibus
537 3919 643 4003 peullo
658 3919 784 3986 uberius
798 3918 923 4003 exponit
937 3918 975 3985 de
997 3916 1128 4002 propriis
1142 3913 1242 3982 morbi

91 4021 184 4104 nutis,
217 4040 309 4109 quem
329 4015 535 4089 ‘medicorum
557 4021 687 4107 igneree
709 4010 927 4089 mentss'non
949 4017 1168 4107 perspexerint.
1201 4049 1239 4064 -

196 4261 204 4296 ¹
222 4259 265 4319 ci.
284 4279 327 4319 ex.
346 4278 390 4334 qr.
408 4260 537 4329 XXXIV,
554 4263 572 4318 8
588 4278 629 4332 sq.
649 4259 700 4317 108
718 4279 759 4332 eq.
797 4257 800 4262 ’

196 4351 208 4384 ²
225 4345 446 4408 ‘Veletudinem’
465 4345 586 4407 wnieoit
603 4347 778 4418 Bernhardy.
