2982 5006
161 503 304 570 velatum
327 494 485 580 expilasse,
509 493 532 559 ii
555 511 658 560 aecum
681 495 834 578 reputent,
855 494 1059 581 adqnantnm
1081 497 1237 565 ambitum
1255 497 1305 564 in·

160 595 395 684 terpolationem
430 591 602 660 Coroniieri
634 593 796 658 extendere
827 593 968 662 demant.
1011 594 1165 664 Diodorus
1196 597 1307 665 deinde

31 727 32 740 ¹
160 694 335 783 Asclepiadi
356 692 536 762 simillimus
557 690 590 759 in
607 710 642 760 eo
657 693 714 774 est,
740 694 822 778 quod
837 694 959 762 nutrice
973 693 1087 764 omhsa
1100 697 1215 765 amoris
1230 715 1305 766 con·

160 799 321 868 fossionem
344 792 538 877 paucissimis
558 791 703 860 absolsit.
747 792 868 859 Addit¹
894 792 1068 862 Phaedram
1090 797 1229 864 Athenas
1255 815 1305 864 re·

160 915 279 968 rersam
289 913 363 973 esse,
378 895 414 974 ut
429 891 608 978 priuignum
623 891 705 976 apud
721 891 871 958 Theseum
887 893 1141 963 calumniaretur.
1168 895 1305 964 Scaenae

159 995 334 1074 translatio,
357 1011 436 1078 quac
462 991 643 1077 tragoediae
669 991 830 1076 obstrepit,
851 991 1017 1062 historicae
1038 993 1307 1063 vendmuitndni

159 1098 312 1168 convenit.
367 1095 451 1161 Nam
481 1094 617 1162 Theseus
654 1112 705 1160 rer
743 1093 922 1161 deversatus
956 1093 1010 1162 ille
1041 1096 1149 1181 paucis
1178 1098 1306 1163 tantm

159 1199 266 1268 diebus
287 1194 369 1281 apud
392 1193 553 1261 Pittheam
578 1194 792 1260 -omittunt
822 1193 970 1260 nimirum
993 1194 1209 1280 compilatores
1231 1195 1307 1264 Pal·

158 1299 350 1370 lauticiarum
380 1313 484 1363 necem
512 1331 551 1343 -
579 1314 680 1362 nonne
706 1295 838 1362 Athenis
867 1296 989 1381 imperii
1020 1297 1147 1382 negotia
1173 1298 1307 1382 recipere

160 1402 274 1469 debet?
316 1395 377 1466 Sed
406 1397 550 1464 contorta
577 1395 725 1475 narratio,
760 1415 840 1482 qrrae
866 1397 1016 1482 seponitur,
1052 1397 1156 1481 paullo
1184 1397 1307 1464 altioris

159 1499 316 1584 indaginis
338 1500 399 1564 est:
437 1494 572 1582 Θησέως
592 1493 629 1562 δέ
650 1489 859 1578 διστάζοντος
880 1495 958 1581 τττρὶ
980 1495 1040 1587 τῆς
1060 1495 1222 1586 διαβολῆς,
1252 1495 1307 1562 καὶ

160 1597 218 1668 τὸν
247 1591 447 1665 Ἱππόλυτον
477 1595 777 1682 μεταπεμπομένου
806 1592 892 1681 πρὸς
917 1591 976 1662 τὸν
1007 1593 1147 1685 ἐλέγχον,
1181 1596 1308 1683 Φαίδρα

159 1702 219 1788 μέν
239 1701 433 1789 φοβηθεῖσα
454 1692 513 1763 τὸν
527 1694 705 1782 ἐξετασμὸν
724 1691 942 1782 ἀνεκρέμασεν
960 1693 1085 1787 icario,
1110 1692 1308 1778 Ἱππόλυτος

160 1802 197 1871 δέ
221 1798 466 1885 ἁρματηλατῶν,
500 1792 546 1876 ὥς
567 1787 686 1886 ἤκουσε
707 1794 748 1863 τὰ
769 1797 848 1882 περὶ
868 1800 926 1884 τῆς
945 1798 1110 1886 διαβολῆς,
1142 1793 1307 1885 συνεχύθη

160 1899 218 1991 την
239 1893 356 1985 ψυχήν,
389 1896 443 1963 καὶ
472 1892 526 1963 διὰ
551 1899 655 1964 τοῦτο
681 1897 750 1963 τῶν
775 1897 894 1963 ἵππων
917 1896 1148 1982 ταραχθέττων
1174 1899 1242 1964 κτλ.
1263 1933 1306 1947 -

161 2001 328 2072 Considera
356 1999 447 2066 modo
474 1998 557 2066 circa
583 2000 664 2065 hano
684 2018 749 2066 rem
776 1998 923 2067 historico
945 1999 1162 2068 difficultatem
1184 2019 1306 2068 omnem

160 2101 250 2185 verti,
285 2099 439 2185 quomodo
471 2099 652 2182 Neptunum
684 2099 802 2165 horridi
837 2100 969 2166 monstri
1001 2101 1244 2167 machinatorem
1276 2104 1309 2168 et

160 2199 323 2284 Hippolyti
351 2199 600 2282 exsecrationem,
633 2200 670 2264 ut
691 2218 771 2282 quoae
791 2200 923 2266 mortem
952 2199 1165 2283 pragmaticae
1192 2199 1306 2265 rationi

160 2302 385 2384 repugnantem
410 2299 535 2378 inierat,
568 2317 740 2383 expungere
769 2299 876 2382 possit.
918 2299 1030 2384 Itaque
1051 2299 1187 2366 'l'hsseus
1208 2298 1306 2366 animi

161 2401 294 2484 pendet¹
316 2399 347 2464 et
369 2417 417 2464 res
440 2398 472 2463 in
487 2417 522 2465 co
537 2401 595 2481 est,
619 2401 654 2464 ut
668 2399 857 2484 Hippolytus
871 2400 1058 2480 arcessatur3
1080 2401 1149 2464 tum
1164 2399 1305 2466 Phaedra

162 2499 324 2586 Hippolyti
353 2499 522 2566 instantem
551 2497 758 2567 defensionem
788 2499 898 2584 verita,
931 2497 981 2566 cui
1008 2499 1143 2566 Theseus
1176 2498 1305 2566 fortasse

162 2603 253 2669 iidem
273 2599 438 2666 habiturus
460 2600 512 2684 sit,
539 2601 639 2667 morte
660 2599 837 2668 voluntaria
859 2619 924 2667 rem
946 2599 1079 2668 conicit.
1123 2602 1166 2666 At
1186 2599 1307 2685 Hippo·

159 2703 243 2787 lytus
265 2700 348 2785 patri
373 2717 406 2766 se
431 2718 568 2784 purgans
594 2699 720 2766 omuino
743 2719 803 2767 non
827 2699 1017 2785 producitur,
1045 2701 1119 2785 qnia
1144 2720 1215 2768 oum
1238 2704 1305 2766 tum

160 2803 222 2869 iam
245 2800 384 2885 oportuit
405 2799 443 2866 de
464 2819 613 2867 novercae
634 2801 798 2867 columniis
820 2801 983 2867 certiorem
1005 2800 1182 2887 itemquae
1200 2801 1306 2884 posteo

161 2902 249 2990 quasi
270 2895 393 2986 λύσσης
421 2920 546 2968 munere
573 2901 757 2987 iunguntur.
801 2901 845 2968 Hx
873 2902 986 2988 quihus
1015 2902 1157 2971 omnihus
1184 2900 1307 2969 tibine

161 3023 255 3071 unam
285 3002 408 3088 quidem
437 3003 615 3088 tragoediae
642 3022 786 3070 menam
815 3002 963 3089 elingere
991 3003 1163 3090 contingat.
1206 3003 1306 3070 Immo

161 3104 298 3173 Diodoro
316 3105 445 3172 eundern
466 3103 638 3172 similemve
658 3107 862 3191 archetypum
883 3109 979 3196 atque
994 3104 1172 3191 Asclepiadi
1185 3104 1307 3188 praesto

162 3207 277 3287 luisse,⁴
300 3226 391 3292 quem
424 3225 480 3272 suro
504 3205 605 3274 Marte
635 3207 801 3275 historicae
827 3207 942 3286 rationi
968 3205 1226 3285 accommodaret,
1259 3203 1307 3271 rel

161 3309 232 3376 inde
253 3309 392 3394 apparet,
414 3307 496 3392 quod
518 3310 600 3393 apud
623 3311 791 3395 rrtrnruque
806 3311 888 3379 ratio
903 3309 1105 3386 desideratur,
1127 3325 1189 3391 qua
1205 3298 1224 3392 ἡ
1238 3303 1307 3371 dre·

160 3407 242 3500 βολὴ
262 3403 389 3499 φανερὰ
410 3407 558 3496 γίγνεται.
602 3411 757 3478 Diodorus
779 3415 884 3480 autem
908 3411 1004 3480 ctiam
1018 3407 1195 3479 accuratius
1210 3405 1306 3475 altero

162 3512 307 3578 describit
329 3509 485 3595 lluripidis
506 3531 629 3579 versum
652 3514 734 3579 1310
756 3514 848 3581 modo
869 3512 1001 3602 allatum
1027 3511 1061 3579 in
1084 3511 1146 3577 his:
1181 3506 1306 3595 Φαίδρα
1375 3597 1377 3602 Ι

160 3608 219 3696 μὲν
231 3614 426 3700 φοβηθεῖσα
433 3606 491 3678 adr
504 3601 682 3697 ereoopo‘r
697 3616 811 3700 aptans
825 3633 895 3684 oum
911 3612 1038 3700 qudem
1051 3631 1108 3682 sno
1121 3610 1307 3698 proposuca

262 3903 271 3936 ¹
292 3905 347 3956 Kal
364 3900 576 3958 rneoarcoaoeo
598 3903 638 3964 rte
659 3897 707 3964 τὰς
725 3896 836 3970 ’θῆτας
859 3904 948 3970 alneio
974 3900 1024 3974 (ao.
1043 3902 1127 3976 φασο
1153 3897 1192 3974 τᾷ
1214 3901 1306 3972 Θησεῖ,

163 3985 233 4047 redu
250 3985 400 4058 λπτμέλετο
416 3984 575 4054 Ἱππόλυτος
593 3986 660 4067 αἰτῇ
676 3991 800 4063 μιγῆναι.

255 4079 280 4182 '¹
297 4077 357 4136 Hoc
376 4078 406 4136 in
423 4079 482 4136 nlla
499 4096 623 4153 unquam
642 4079 789 4154 tragoedia
814 4079 909 4137 locum
930 4077 1055 4136 invenire
1079 4074 1203 4149 potuisse
1224 4074 1306 4133 antei

162 4183 274 4292 ”mlh
294 4257 475 4314 Praeclarum
493 4256 641 4314 affinitatis
659 4256 828 4329 exemplum,
854 4273 927 4328 quae
949 4255 1073 4312 Diodoro
1099 4270 1164 4312 cam
1190 4253 1306 4312 historia

164 4345 337 4419 Asclepiadis
355 4347 468 4406 nomine
486 4353 587 4405 ornata
604 4347 764 4420 intercedit,
782 4346 924 4405 Schwarta
942 4346 973 4420 (l.
991 4346 1009 4402 1.
1026 4341 1307 4418 praenupserunt,
