2982 5006
747 284 764 338 7

183 462 282 528 ditum
315 458 419 525 oultus
450 452 604 539 quendam
637 472 729 520 usum
756 473 900 522 rerooare
932 453 1097 535 studueris,
1129 453 1166 521 ut
1187 453 1332 522 Welolrer

182 563 248 646 (Kl.
270 557 397 627 Sohrilt.
419 555 451 621 11
472 574 500 639 p.
521 555 598 634 472)
631 555 807 640 elegantius
837 575 933 640 quam
964 556 1079 624 reotiue
1112 555 1191 623 milri
1222 555 1332 623 ieoisse

183 663 314 746 videtur,
344 657 635 741 interpretationem
658 657 767 724 multis
795 657 1036 726 difficultatibus
1061 658 1255 726 obstructam
1281 656 1333 722 in·

183 762 294 830 venies.
339 759 449 842 ltaque
472 756 597 824 malunt
622 758 718 844 uulgo
740 777 769 826 r.
791 759 914 826 70-81
941 778 996 845 pro
1026 757 1202 826 subdititiis
1228 775 1332 825 remo·

183 883 254 931 rere
265 865 283 930 ¹.
326 859 385 928 Sed
412 858 549 942 optimus
576 858 706 944 quisque
732 864 823 943 poeta
850 859 932 926 hano
958 861 1018 927 sibi
1042 859 1214 936 vindicavit
1234 859 1332 926 liber·

181 966 291 1039 tatem.
324 962 359 1028 ot
385 961 471 1028 extra
498 959 640 1026 veritatis
667 960 743 1026 lines
769 959 998 1044 quodammodo
1030 979 1170 1046 egressum
1202 958 1331 1028 aliunde

182 1062 432 1132 ornamentorum
454 1058 573 1124 luminu
602 1058 804 1142 depromeret,
841 1061 953 1145 quibus
981 1061 1093 1128 audaci
1124 1060 1332 1127 translatione

181 1165 261 1230 liano
282 1161 379 1227 vitam
402 1159 573 1226 exornarat
615 1158 728 1243 Itaque
741 1160 895 1227 oontendo
910 1159 1052 1244 Euripidi
1068 1177 1193 1242 campos
1208 1159 1331 1243 Elysios

181 1261 359 1329 obversntos
381 1277 454 1343 esse,
476 1258 510 1325 in
532 1256 736 1343 quibuscum
758 1259 858 1326 beatis
872 1258 962 1325 flores
976 1258 1136 1344 decerpere
1149 1260 1182 1325 et
1196 1257 1329 1326 eorollas

180 1363 301 1429 nectere
331 1359 478 1437 liminati,
517 1359 586 1424 turn
616 1358 665 1437 iis,
700 1360 755 1442 qui
789 1359 944 1444 mysteriis
975 1358 1095 1426 initiati
1125 1361 1261 1436 essent⁸‚
1292 1360 1332 1425 ut

180 1463 313 1529 testatur
336 1457 554 1542 Aristophanis
584 1458 753 1525 scholiasta
779 1459 820 1526 ad
847 1459 927 1526 itan.
953 1478 983 1525 r.
1006 1461 1083 1526 344:
1118 1450 1241 1542 lemida
1267 1452 1329 1544 γὰρ

182 1556 349 1630 ἀνάκειται
371 1556 425 1624 καὶ
445 1547 532 1644 ἄνθη
553 1555 704 1642 ἀνειμένα
725 1561 797 1637 τοῖς
817 1553 955 1642 μύσταις
976 1556 1011 1625 ἐν
1030 1561 1078 1646 τῷ
1095 1557 1212 1646 πεδίῳ.
1233 1557 1332 1645 δηλοῖ

181 1662 217 1730 di
231 1660 284 1728 καὶ
298 1658 471 1748 Σοφοκλῆς
493 1660 568 1745 (frg.
583 1659 670 1743 805).
714 1659 858 1727 Fortasse
879 1660 911 1726 in
934 1659 1125 1745 Triptolemo
1141 1660 1219 1728 heae
1239 1659 1332 1738 dixit,

181 1764 231 1831 oui
243 1761 385 1830 Welolror
401 1760 509 1847 (Trag.
521 1781 550 1845 p.
562 1761 638 1858 Ι308)
653 1761 766 1829 tribuit
780 1761 876 1828 etiam
898 1761 1094 1845 praeolamm
1115 1761 1330 1848 fragmentum

179 1867 241 1932 ine.
263 1865 339 1932 758:

734 1959 780 2042 ὥς
799 1961 872 2047 τρὶς
893 1951 1001 2047 ὄλβιοι

294 2083 296 2087 ”
348 2066 452 2131 κεῖνοι
471 2064 612 2150 βροτῶν,
634 2060 672 2131 οἳ
688 2068 793 2131 ταῦτα
814 2063 1009 2149 δερχθὲνοος
1028 2063 1104 2152 τέλη

301 2237 303 2240 ,
347 2159 473 2250 μόλωσ’
496 2163 532 2246 ἐς
545 2159 680 2233 Ἅιδου·
701 2166 815 2233 τοῖσδε
834 2160 894 2250 γὰρ
914 2161 1031 2250 μόνοις
1051 2165 1120 2235 ἐκεῖ

351 2267 407 2354 ζῆν
429 2262 510 2348 ἔστι,
533 2269 605 2346 τοῖς
625 2265 654 2334 d’
676 2256 803 2334 ἄλλοισι
827 2261 923 2334 πάντ’
946 2265 1015 2334 ἐκεῖ
1035 2269 1128 2337 κακά.

182 2371 286 2438 litium
300 2370 385 2437 Ionis
396 2367 585 2454 Sophooleae
599 2370 700 2437 exstat
714 2370 926 2454 fragmentum
941 2370 1043 2455 (2003
1064 2367 1099 2437 ἐν
1113 2365 1193 2451 Διὸς
1207 2363 1332 2460 κήποις

114 2685 121 2709 ⁸
280 2625 349 2683 Ι01.
368 2626 493 2684 Dindorl'
509 2627 573 2683 adn.
587 2625 624 2682 ad
642 2625 709 2682 Eur.
727 2626 755 2682 11
772 2643 800 2698 p.
818 2625 880 2681 776.
917 2625 1055 2683 Barthold
1075 2625 1128 2683 itt.
1145 2625 1217 2683 Mur.
1233 2627 1329 2686 XXXI

179 2733 206 2785 p.
218 2717 269 2769 016
288 2719 317 2770 et
335 2715 402 2770 edit.
415 2715 546 2770 Wheeler
564 2714 582 2770 l.
601 2715 620 2769 l.
638 2731 665 2786 p.
687 2718 729 2770 49.
754 2742 787 2755 -
813 2713 911 2770 Nauck
929 2714 998 2770 Eur.
1020 2714 1100 2771 Stud.
1119 2714 1147 2770 11
1165 2715 1229 2786 pst
1251 2716 1330 2774 delet

179 2820 264 2857 unum
280 2820 391 2858 versum
409 2805 445 2859 80
463 2803 599 2858 medelam
613 2801 806 2874 praesedentir
818 2819 914 2857 versus
927 2802 957 2857 in
969 2801 1056 2859 dubio
1068 2803 1242 2876 relinquam
1259 2822 1328 2862 mam

180 2891 297 2947 alteram
317 2908 412 2947 versus
436 2896 547 2963 partem
569 2891 768 2962 interpolatori
790 2890 887 2948 deberi
912 2890 1043 2962 opinatus
1061 2890 1091 2946 in
1110 2891 1201 2948 altera
1219 2909 1271 2963 pro
1289 2893 1330 2948 dr·

109 2981 113 2988 '
180 2973 282 3034 δακτόν
299 2980 383 3036 reribi
401 2981 464 3036 vult
481 2973 611 3052 ἄναγνον.
631 3009 664 3022 -
683 2979 754 3036 ΝοΙο
772 2985 866 3036 autmn
885 2984 974 3035 totam
988 2979 1179 3051 quaestionem
1195 2979 1250 3038 hoo
1265 2981 1329 3038 looo

179 3073 346 3138 retractare,
376 3085 439 3125 eum
466 3068 547 3126 Gloel
575 3069 622 3137 (de
649 3068 781 3140 interpol.
809 3067 955 3140 Hippolyt
983 3067 1040 3124 lab.
1068 3067 1138 3124 Eur.
1165 3085 1193 3141 p.
1218 3071 1251 3126 10
1274 3069 1328 3140 sq.)

179 3157 308 3213 omnibus
326 3158 499 3232 argumentis
519 3158 667 3231 pensitatis
689 3158 751 3215 iure
769 3155 934 3214 horremus
953 3158 1042 3214 tuitus
1060 3156 1105 3214 rit
1141 3157 1194 3215 Ille
1212 3159 1328 3230 quidem

161 3245 305 3303 ¹Por-sono
324 3245 400 3310 ὅσοις
417 3268 444 3306 v.
457 3251 493 3304 70
511 3250 541 3305 in
559 3245 634 3311 ὅστις
653 3248 776 3305 mutanti
794 3248 983 3321 adstipulatus
1000 3265 1096 3304 omnes
1108 3247 1327 3306 offensinnonlae
1392 3269 1396 3276 ·

181 3334 256 3391 haud
281 3354 420 3408 quaquam
448 3338 576 3394 removit.
634 3337 773 3408 Equidem
798 3337 884 3393 aliam
911 3337 1042 3394 medendi
1070 3337 1146 3393 viam
1174 3337 1329 3410 ingredior.

179 3421 251 3480 Nam
268 3425 362 3480 versui
380 3426 413 3481 81
434 3426 594 3483 simillimus
612 3426 718 3500 legiam
732 3425 833 3483 Baooh.
851 3427 913 3490 616,
935 3426 984 3497 qni
1004 3443 1067 3483 oum
1085 3423 1262 3482 Kirehhoi'do
1281 3425 1328 3483 de·

179 3512 277 3570 landus
295 3518 352 3585 est;
382 3515 497 3588 irrepsit
520 3534 554 3573 ex
572 3522 668 3573 nostro
691 3517 752 3572 looo
781 3513 1026 3586 (0101001111.
1062 3513 1125 3572 illio
1153 3520 1248 3572 autmn
1274 3532 1328 3588 pre

178 3603 286 3674 εῐληχεν
298 3602 401 3676 legitur
413 3605 528 3674 ἔνεστιν,
546 3606 623 3677 quod
640 3623 705 3662 oum
722 3605 786 3662 aliis
804 3605 957 3677 genuinum
975 3621 1035 3662 erae
1053 3621 1161 3661 oeuseo.
1196 3605 1327 3675 Amplius

177 3690 218 3747 nil
235 3694 409 3764 mutandum,
427 3695 476 3752 sed
494 3696 598 3754 reotiur
615 3695 881 3770 interpungendum.
899 3713 963 3754 oum
977 3695 1131 3766 asyndeton
1148 3712 1176 3750 ν.
1188 3696 1223 3751 70
1240 3693 1328 3751 otien-

178 3779 235 3836 dat.
272 3781 316 3837 lta
333 3783 422 3855 igitur
440 3782 645 3841 beneventum
664 3803 727 3841 eum
751 3785 934 3842 anteoedente
956 3784 1106 3857 ooniungo,
1125 3783 1205 3856 quasi
1224 3776 1329 3844 τούτοις

177 3867 367 3941 intaroiderit;
397 3889 453 3942 qua
479 3872 589 3929 ratione
616 3877 679 3929 tota
706 3873 858 3946 allegoriae
884 3873 1034 3930 translatio
1060 3871 1187 3944 periente
1213 3871 1325 3928 demum

177 3956 315 4015 redditur.
350 3959 460 4017 Deinde
476 3967 594 4033 perapte
612 3961 826 4037 interpungitur
842 3967 908 4035 port
924 3959 1003 4035 epae
1018 3978 1047 4017 v.
1065 3963 1109 4018 80.

278 4047 350 4105 'Gi
374 4048 454 4105 Pind.
477 4047 576 4115 01.11‚
599 4051 635 4106 71
657 4051 741 4123 (itt).
767 4052 822 4125 irg.
850 4053 910 4108 106.
935 4053 986 4107 107
1003 4049 1038 4108 B.
1074 4047 1178 4106 Tibull.
1196 4048 1219 4113 I·
1237 4051 1263 4105 t.
1282 4048 1326 4104 66.

177 4152 204 4191 r.
217 4137 266 4192 dl:
290 4133 361 4195 ‘tert
380 4139 484 4196 oesiam
503 4156 559 4196 uon
578 4139 656 4197 eults
667 4135 769 4214 seges'.
804 4140 886 4198 Plato
904 4138 1021 4197 Axiooh.
1040 4141 1130 4196 iiiior
1149 4143 1276 4194 uenator
1293 4135 1326 4194 te

177 4225 308 4302 lrrpoivrc
324 4219 424 4283 ἄνθεσι
443 4231 577 4291 ποικίλοις
594 4223 774 4303 ἐοριζόμενοο.
810 4228 853 4288 Oi.
871 4229 1000 4302 Propert.
1018 4225 1052 4298 V,
1069 4229 1096 4284 7.
1115 4227 1150 4283 oa
1162 4243 1204 4297 sq.

277 4313 351 4372 ⁸Ci.
369 4315 450 4373 Pina
470 4316 526 4394 irg.
547 4317 599 4374 114
616 4317 648 4377 Β.
670 4319 753 4377 Plato
771 4319 790 4377 1.
807 4319 826 4376 1.
846 4317 960 4376 tntmk
977 4316 997 4376 l·
1016 4317 1035 4375 1.
1052 4333 1081 4391 p·
1100 4317 1190 4388 6οη.
