2982 5006
419 595 538 680 Quibus
573 594 717 662 omnibus
750 591 913 680 pensitatis
948 611 1055 661 versus
1086 593 1232 660 ors-15
1261 591 1466 678 interpolatos

10 673 61 772 Ῐῗ
200 701 208 716 ’
318 717 383 767 esse
403 697 480 764 viris
499 696 620 763 dontis¹
649 696 716 762 sine
741 713 829 762 mors
854 692 1009 761 consedes.
1050 693 1186 760 Tollitur
1211 693 1293 760 enim
1324 693 1466 764 iuudituu

317 801 376 867 hoe
396 797 611 866 additamento
644 795 775 863 nutriris
806 813 930 880 prorsus
962 795 1135 863 normania
1160 794 1352 881 ambiguitas
1382 796 1466 862 huno

317 902 351 969 in
372 899 499 968 modum
515 934 554 947 -
566 900 662 985 atque
681 897 715 965 id
737 896 865 966 maximi
887 896 1036 964 momenti
1047 898 1095 962 est
1105 933 1157 977 -‚
1170 897 1206 962 ut
1226 895 1290 963 iam
1306 895 1471 986 Phaedrae

317 999 446 1084 simplex
459 998 666 1083 interrogatio
679 1018 709 1064 v.
723 1000 786 1064 516
799 997 925 1065 omnino
942 996 1044 1062 losum
1060 996 1172 1064 habere
1186 1015 1247 1062 non
1263 995 1370 1080 possit,
1388 1013 1467 1081 quo·

318 1101 403 1167 niam
424 1101 529 1184 palam
550 1099 769 1185 significantur
790 1117 836 1179 ua,
862 1116 942 1182 quae
963 1095 1004 1163 ad
1026 1097 1187 1181 potulenta
1209 1096 1367 1164 ruissenda
1389 1115 1467 1181 opus

294 1186 392 1279 'siut
414 1199 452 1266 ut'
465 1200 620 1267 [annianus
641 1200 738 1278 (Dial.
759 1219 833 1266 mer.
845 1196 880 1284 4)
901 1198 999 1265 doust.
1021 1198 1130 1282 Neque
1150 1197 1182 1263 id
1206 1197 1371 1264 contendes
1394 1197 1466 1264 honi

319 1303 426 1386 poetas
440 1319 505 1368 essa
520 1299 672 1368 nutrirem
692 1300 807 1386 lingere
820 1301 886 1366 tarn
901 1299 995 1382 longe
1015 1298 1233 1366 immorantem
1255 1299 1287 1366 in
1303 1299 1468 1366 illustran-

314 1401 366 1468 dis
388 1402 478 1468 rebus
498 1400 539 1467 ad
559 1400 787 1468 devinctionem
813 1400 1001 1480 nummariis,
1032 1399 1146 1466 nemini
1169 1418 1231 1467 non
1256 1399 1348 1484 notis,
1370 1418 1465 1484 quarn

319 1521 358 1568 us
379 1502 555 1569 adductura
576 1501 701 1587 quidem
723 1505 771 1568 est
791 1501 831 1569 ad
853 1501 979 1568 exitum.
1002 1499 1227 1586 suppeditabat
1241 1504 1346 1570 aulem
1361 1502 1467 1588 legens

317 1601 401 1669 tibus
422 1601 463 1670 ad
490 1601 711 1670 illustrandum
739 1603 1050 1688 interpolandumqus
1081 1601 1150 1670 lons
1172 1603 1356 1690 uunpidevs
1385 1602 1466 1670 alter

114 1655 118 1662 .
188 1777 191 1784 Ι
251 1693 258 1700 ’
318 1704 517 1790 Hippolytus,
531 1723 625 1790 quarn
640 1706 798 1789 praeterea
813 1707 936 1789 poetam
951 1704 1047 1771 simili
1062 1723 1173 1772 scaena
1188 1725 1349 1773 exornasse
1363 1703 1465 1772 dooui.

317 1805 377 1874 Sed
403 1799 496 1873 ‘uuus
525 1809 557 1874 st
589 1805 669 1874 alter
701 1804 844 1874 adsuitur
876 1795 1015 1892 pannus’.
1073 1806 1230 1876 Nimirum
1260 1807 1466 1894 interpolator

317 1908 413 1975 etiarn
427 1907 526 1974 altero
540 1908 609 1976 loeo
623 1911 785 1992 grassatus
806 1928 841 1976 ex
864 1909 927 1976 alia
947 1908 1077 1984 alterius
1093 1908 1217 1978 iabulae
1233 1928 1345 1978 scaeua
1360 1927 1465 1978 versus

316 2010 461 2076 477-81
488 2009 667 2077 Coroniioro
696 2010 838 2078 interruit.
881 2011 964 2095 Quos
987 2013 1131 2080 anostro
1159 2013 1228 2080 loeo
1254 2012 1373 2081 alienos
1401 2029 1465 2080 esse

316 2110 453 2195 locuples
484 2114 595 2179 suntor
618 2111 829 2180 Wilamovrita
857 2113 892 2195 (l.
913 2114 935 2181 1.
966 2132 995 2200 p.
1017 2115 1079 2181 212
1101 2113 1162 2200 sq.)
1188 2115 1245 2192 est,
1277 2113 1366 2181 ouius
1393 2131 1465 2199 gra·

318 2212 446 2279 vissima
466 2215 652 2297 argumenta
672 2214 743 2282 nolo
765 2215 963 2282 retractaret
1007 2214 1135 2282 Erravit
1152 2215 1277 2300 quidem
1291 2213 1341 2281 vir
1354 2214 1465 2282 doetus

317 2313 448 2382 mirilico
469 2315 689 2384 insolentiores
710 2315 750 2384 ad
772 2315 1007 2384 duviuoiendum
1028 2314 1233 2402 Hippolytum
1257 2317 1305 2385 bia
1327 2317 1465 2386 versibus

316 2611 512 2684 Rani-Euuyol
538 2629 559 2668 s.
582 2629 609 2668 v.
634 2609 736 2684 Magia
766 2641 800 2655 -
829 2611 962 2669 Mulieres
986 2613 1082 2670 lunam
1111 2611 1292 2670 detrahentes
1319 2613 1409 2670 oeulis
1432 2613 1466 2670 li·

315 2699 447 2772 horisque
465 2700 627 2772 privabantp
656 2699 692 2757 si.
714 2699 804 2758 Plato.
831 2700 915 2774 Gorg.
938 2702 990 2757 tit
1016 2703 1049 2759 Α.
1073 2701 1176 2759 Zenoh
1199 2701 1282 2759 Prov.
1306 2700 1354 2773 IV,
1379 2705 1402 2760 l.
1430 2731 1464 2746 ·-

317 2787 448 2848 Getarum
468 2790 524 2848 noti
544 2789 580 2848 sd
602 2790 709 2848 seriora
726 2794 854 2863 tempora
873 2796 902 2848 st
923 2792 1122 2866 pervulgatum
1147 2789 1465 2850 iasoinationur'n'usuns

316 2877 391 2952 apud
409 2883 505 2952 poetas
524 2877 663 2936 Ronrarros
687 2896 849 2952 provooare.
886 2878 1052 2953 Quanquam
1079 2881 1165 2939 etiarn
1193 2881 1244 2939 illa
1272 2885 1365 2939 astate
1393 2879 1466 2953 phil·

254 3013 257 3020 .
317 2973 426 3028 trorum
442 2987 508 3027 usus
526 2969 728 3045 vituperationi
746 2971 883 3029 obnoxius
908 2971 994 3030 inissa
1015 2971 1138 3046 videtur,
1167 2977 1200 3031 ut
1225 2969 1341 3030 Ovidius
1359 2969 1466 3044 planis·

317 3058 387 3118 sirm
403 3059 510 3118 indioat
527 3064 590 3118 Art.
609 3063 671 3120 Aru.
688 3062 724 3128 11,
745 3065 796 3120 105
814 3077 868 3134 sq.:

466 3149 524 3209 Neo
543 3150 612 3209 data
628 3151 789 3224 proluerint
807 3151 945 3225 pallentia
963 3152 1071 3224 philtra
1089 3154 1207 3226 puellis;

515 3239 622 3311 philtra
640 3245 742 3298 nonant
760 3241 870 3306 animis,
888 3241 1002 3314 vinaque
1020 3241 1124 3300 luroris
1142 3243 1255 3302 hahent.

465 3327 509 3386 sir
528 3330 651 3401 prorui
669 3347 765 3388 ornus
782 3331 888 3388 naias.

318 3415 360 3474 Gt
385 3415 466 3473 Pauli
484 3425 554 3475 aaut
574 3417 608 3488 V,
627 3421 671 3476 ib.
700 3422 747 3476 142
771 3417 844 3500 '‘Qor
874 3419 1030 3478 abortionis
1055 3425 1106 3478 sut
1136 3422 1304 3478 amatorium
1334 3421 1466 3494 poculum

316 3505 398 3576 dant,
430 3507 484 3563 atsi
513 3507 543 3564 id
559 3507 640 3565 ‘dolo
665 3527 723 3566 nou
751 3509 871 3575 iaoiant.
902 3515 996 3566 tamen
1025 3511 1091 3582 quia
1120 3510 1188 3567 mali
1206 3511 1326 3584 axevnpli
1351 3529 1396 3568 res
1415 3515 1466 3580 ast,

316 3594 479 3653 humiliores
498 3597 528 3652 iu
546 3599 691 3655 metallum
710 3599 884 3656 honestiores
908 3600 937 3656 in
955 3600 1074 3656 insulam
1099 3601 1201 3656 amissa
1224 3606 1305 3672 parta
1327 3601 1466 3656 bonorum

316 3683 491 3756 releganturr
520 3685 595 3756 quod
619 3686 643 3742 si
667 3703 702 3744 ex
726 3687 780 3744 hou
798 3688 901 3744 mulier·
926 3692 976 3745 aut
997 3688 1082 3745 homo
1109 3688 1240 3762 perierit,
1266 3706 1373 3746 summo
1402 3705 1465 3759 sup·

254 3823 258 3832 .
315 3771 401 3845 plinio
430 3769 609 3832 ailieiuntur’.

418 3863 427 3897 ¹
446 3861 544 3921 Nauolr
561 3863 630 3921 Eur.
649 3863 728 3924 Stud.
741 3866 778 3936 11,
797 3867 832 3922 20
849 3883 890 3938 sq.
902 3865 1057 3924 Kirohhoii.
1069 3867 1112 3923 sd.
1126 3865 1160 3922 11.
1170 3865 1301 3923 Wheslsr
1314 3866 1331 3922 l.
1346 3867 1364 3923 l.
1379 3884 1407 3938 p.
1421 3866 1466 3923 ti.

242 4025 246 4034 Ι
315 3949 465 4022 Barthold,
490 3951 573 4009 weil.
592 3953 706 4011 editiora
733 3955 811 4014 liuus
832 3954 914 4012 Groui
938 3955 957 4012 l.
976 3954 994 4012 l.
1012 3973 1039 4027 p.
1058 3955 1093 4012 80
1117 3972 1157 4027 sq.
1182 3954 1233 4010 hos
1258 3971 1353 4010 uersus
1375 3954 1466 4012 tuitus

316 4045 375 4108 αις
394 4039 473 4097 ouius
491 4041 625 4098 refutatio
642 4071 675 4084 -
690 4061 753 4099 uarn
770 4044 906 4100 nonnulla
925 4049 1000 4101 rests
1018 4045 1221 4114 interpretatus
1239 4048 1290 4114 ast.
1308 4041 1339 4100 in
1356 4061 1466 4102 summo

170 4178 198 4211 .·
227 4153 238 4182 .·
316 4127 424 4186 seravit
439 4156 474 4172 -
493 4128 651 4202 legentibus
669 4149 760 4188 msam
781 4131 1001 4203 disputationem
1019 4137 1131 4204 praesto
1149 4131 1212 4189 erit.

420 4214 555 4273 'luielix
583 4217 684 4281 horum
708 4235 838 4276 versuum
864 4225 1001 4291 patronus
1026 4236 1123 4276 rursus
1145 4218 1225 4276 Gloil
1244 4218 1262 4274 l.
1282 4218 1302 4275 1.
1321 4235 1350 4290 p.
1369 4220 1405 4275 bb
1423 4236 1465 4290 sq.

38 4359 45 4366 .
319 4301 431 4361 exstitit
453 4320 487 4362 so
513 4304 617 4379 effugio
642 4324 715 4376 usus,
743 4311 776 4364 ut
798 4313 920 4366 sumeret
942 4308 1082 4366 nutrioem
1104 4307 1228 4365 remedia
1250 4306 1287 4363 ad
1309 4307 1465 4380 eorporis

145 4423 158 4433 ,.
250 4445 276 4480 ·.
320 4391 451 4450 morbum
469 4395 656 4454 amovendum
672 4412 838 4468 proponere.
874 4396 937 4455 Non
962 4397 1103 4457 intellexit
1126 4397 1215 4474 igitur
1233 4398 1318 4456 istam
1341 4397 1464 4474 aspritu-

46 4477 72 4538 '':
217 4516 225 4564 J
316 4479 412 4540 diseas
430 4484 504 4543 nihil
522 4485 601 4544 aliud
621 4503 681 4544 asse
698 4504 783 4560 quaer
800 4486 893 4561 ipsam
911 4505 1044 4546 amorem.
