2982 5006
889 331 926 388 20

332 499 477 586 privigno
501 518 561 567 non
584 499 726 567 nocitura
747 498 823 580 suo’,
856 517 946 585 quem
968 498 1031 567 ianr
1054 498 1181 580 dudum,
1213 489 1267 585 qui
1294 500 1355 568 huo
1380 519 1482 587 usque

146 652 151 659 .
217 617 247 654 .·
330 619 380 667 mo
406 601 505 668 seeuti
532 603 616 681 sunt,
649 601 727 668 milri
757 601 924 668 obicientes
955 601 1058 668 audio.
1101 600 1232 668 Adsoita
1260 601 1328 687 ipsa
1359 604 1473 670 nostra

329 700 367 768 de
388 719 451 785 qua
471 702 612 787 quaestio
634 704 692 782 est,
726 700 898 769 Coroniieri
929 721 1041 770 soeena
1074 701 1246 769 dillioultas
1277 703 1481 788 aliquetenus

329 806 411 869 eerte
439 803 608 887 expeditur.
662 804 744 872 Nem
773 803 913 872 Phaedre
944 824 980 871 ea
1009 805 1132 871 tantun
1166 803 1324 890 intellegit
1354 803 1486 889 poeula,

329 902 441 987 quibus
456 905 599 990 privigno
615 923 676 972 nou
697 923 813 986 rosere,
836 904 889 972 sed
911 903 971 972 sibi
991 903 1107 972 mederi
1128 903 1219 990 velit;
1241 908 1350 972 eontra
1372 905 1481 974 nutmx

329 1024 438 1073 noeero
456 1005 535 1074 uult.
564 1006 624 1077 Sed
639 1008 750 1093 poeula
764 1007 833 1094 ipss
853 1007 886 1075 in
906 1007 1068 1094 tragoedia
1081 1007 1326 1092 praetenduntur
1340 1009 1479 1096 teutrun,

328 1127 388 1176 nou
406 1109 589 1186 miscentur:
609 1111 717 1197 itaque
738 1110 849 1190 rresoio,
869 1129 909 1177 en
922 1109 955 1176 in
970 1108 1179 1177 Alexandrino
1201 1109 1307 1196 aliquo
1329 1111 1478 1192 termine,

327 1209 369 1276 ad
392 1211 475 1295 quod
497 1210 666 1279 identidem
688 1215 794 1298 postea
809 1230 974 1296 repurrem,
997 1213 1055 1279 hoe
1076 1213 1268 1280 eontrarium
1291 1213 1387 1280 etiarn
1408 1197 1486 1280 ιιι]-ζ

301 1401 302 1406 ¹
327 1312 410 1398 plius
431 1312 478 1380 ite
499 1316 680 1381 exornatum
704 1315 808 1395 luerit,
842 1316 878 1380 ut
900 1316 1004 1382 nutrix
1030 1334 1063 1383 re
1084 1335 1156 1383 vera
1179 1315 1338 1383 Phaedrae
1365 1315 1481 1400 poeula

247 1413 248 1416 ’
328 1414 471 1481 miseeret
485 1416 525 1482 ed
540 1415 674 1483 terrorem
690 1416 870 1490 sedandum.
893 1416 975 1501 quod
998 1416 1173 1502 simularet;
1196 1435 1267 1484 oum
1289 1416 1393 1501 potius
1415 1416 1481 1500 pri-

329 1515 460 1602 vignum
481 1515 522 1583 iis
541 1516 676 1584 delenire
697 1516 864 1586 studeretl.
902 1515 938 1583 ln
950 1517 1157 1605 Hippolytum
1172 1517 1318 1586 Voletum
1334 1518 1392 1586 hoe
1413 1536 1483 1586 non

329 1618 484 1702 quadrare
504 1639 575 1686 mor
598 1618 726 1687 ridebis

427 1719 488 1788 Sed
510 1723 547 1788 ut
566 1723 636 1806 poet
662 1720 743 1788 hano
770 1721 990 1806 digressionem
1024 1723 1064 1790 ed
1088 1723 1269 1808 Euripidem
1300 1711 1486 1794 redeamus:

328 1821 498 1908 Phaedrae,
521 1842 592 1891 oum
607 1823 645 1892 de
666 1823 724 1891 teli
744 1823 947 1892 medicamine
962 1825 1113 1892 nutrioem
1129 1824 1317 1909 interpellet,
1339 1843 1374 1892 er
1391 1824 1486 1893 nulle

331 1927 420 2008 parte
440 1925 507 1992 eius
528 1927 678 2010 ambiguo
699 1945 838 1994 sermone
860 1927 993 2011 euspieio
1015 1929 1085 1994 orte
1107 1946 1173 1996 esse
1193 1926 1326 1994 uidetur
1356 1923 1486 2016 arripio

326 2025 371 2105 id,
390 2045 452 2111 quo
473 2026 533 2094 sibi
549 2046 611 2095 ‘erro
633 2028 699 2096 iure
721 2028 855 2096 salutem
870 2028 1035 2096 allatum
1026 2029 1066 2096 rri
1080 2031 1192 2113 speret,
1215 2028 1333 2113 reliqua
1349 2025 1486 2120 omninop

328 2147 390 2194 nou
411 2129 782 2215 aurens.1taqueunum
802 2133 888 2215 patet
902 2129 1068 2216 retugium,
1092 2133 1187 2215 etque
1206 2129 1238 2197 id
1254 2130 1344 2198 unies
1359 2147 1482 2211 verum
1485 2125 1486 2190 l

328 2233 364 2296 ut
378 2251 539 2299 sumamus
550 2232 726 2300 Phaedram
749 2233 865 2319 fingere
886 2233 980 2300 istem
994 2232 1227 2318 simplieitatem
1250 2235 1282 2299 et
1296 2231 1486 2317 intellegere

208 2383 212 2391 .
327 2335 419 2414 nollo,
447 2354 509 2420 quo
531 2335 663 2401 nutriris
684 2325 833 2420 ariobigua
856 2336 991 2420 quidem,
1022 2334 1074 2401 sed
1097 2335 1326 2401 somniantibus
1350 2329 1486 2418 aarum}

328 2437 459 2506 obseura
484 2436 614 2504 oonsilio
641 2437 782 2505 tendant.
825 2436 939 2505 Servat
964 2435 1095 2524 speeiem
1122 2434 1300 2523 pudicitiae.
1334 2437 1486 2526 ettamen

327 2539 368 2608 ab
385 2539 471 2607 omni
492 2540 582 2624 eulpa
604 2539 732 2608 liberari
761 2540 878 2626 nequit,
910 2559 981 2608 oum
1004 2541 1130 2608 omnino
1157 2538 1197 2607 ed
1226 2540 1357 2607 nutricis
1378 2539 1486 2606 simu-1

242 2665 245 2672 ·
327 2642 459 2710 tationes
481 2643 662 2720 descendet:
692 2642 774 2728 quod
805 2649 842 2708 ut
863 2644 967 2728 palem
996 2643 1050 2711 dat
1073 2680 1109 2692 -
1135 2643 1288 2720 nolihoo
1314 2643 1479 2730 neglegere

326 2781 367 2793 -
379 2746 470 2830 poeta
492 2745 770 2830 lingitPhaedram
793 2749 857 2813 tem
873 2746 1007 2814 levioule
1027 2749 1059 2814 et
1079 2747 1205 2814 inutilia
1219 2746 1486 2840 interrogantem,

326 2848 448 2932 Aptum
469 2850 628 2933 praeterea
661 2847 720 2916 sibi
744 2850 837 2934 paret
866 2849 924 2916 hoe
947 2848 1038 2916 modo
1061 2849 1228 2916 transitum
1255 2847 1295 2916 ed
1318 2867 1363 2926 ea,
1397 2843 1486 2937 quae,

278 2964 281 2969 ·
325 2952 513 3034 sequsmtur:
535 2950 647 3035 qeribus
663 2950 831 3016 dilucidius
847 2951 942 3018 etiem
959 2951 1057 3018 rotila
1067 2970 1145 3036 spes,
1169 2970 1232 3036 qua
1246 2943 1486 3028 mulieremans

330 3137 530 3150 m

430 3240 522 3295 ¹Hue
552 3241 678 3297 eonvioia
710 3241 844 3309 tendunt,
877 3241 978 3312 quibus
1008 3241 1172 3311 Propertius
1200 3241 1291 3297 lenam
1321 3239 1479 3312 proscindit

328 3325 397 3396 Π.
408 3329 438 3384 t:
457 3325 551 3385 ‘doote
568 3329 615 3385 rel
627 3329 808 3401 Hippolytum
820 3329 921 3386 Veneri
941 3329 1050 3386 mollire
1068 3326 1233 3400 negantem'.
1262 3329 1427 3386 Remedium
1446 3327 1478 3382 in

327 3422 602 3491 utramquepartem
621 3419 717 3475 valens
736 3417 810 3476 Dido
834 3417 975 3491 signifieat
998 3417 1090 3492 (Verg.
1109 3421 1179 3475 Aen.
1198 3418 1246 3490 lv,
1265 3421 1318 3476 478
1336 3417 1389 3490 sq.)
1412 3433 1478 3473 oum

327 3523 423 3563 sorore
449 3509 654 3564 eommunioens
682 3526 712 3564 se
740 3501 823 3580 seges
847 3496 901 3579 ope
927 3509 1002 3564 viam
1025 3508 1172 3577 invenisse,
1202 3525 1274 3579 quae
1298 3507 1351 3562 sibi
1376 3505 1480 3561 reddet

311 3595 450 3651 'Aeneam
469 3597 514 3651 sel
533 3613 567 3652 eo
585 3612 614 3651 se
632 3597 724 3653 solvet
746 3603 897 3653 amentem.
933 3597 1110 3668 Exemplum,
1137 3596 1188 3652 ubi
1215 3592 1345 3668 poculum
1370 3597 1478 3650 ameto-

326 3684 401 3740 rium
421 3684 457 3740 ab
476 3684 537 3755 ipsa
553 3685 682 3752 muliere,
709 3702 781 3755 queo
797 3685 909 3740 allicere
929 3684 999 3754 vult,
1024 3685 1144 3755 bibitur,
1172 3690 1264 3742 exstat
1282 3683 1356 3756 apud
1376 3681 1478 3738 Luoie·

327 3789 395 3828 num
414 3771 488 3830 Diei.
507 3779 619 3830 meretr.
639 3776 664 3829 4.
700 3772 899 3830 Alexandrinis
917 3779 1012 3829 autern
1025 3772 1168 3830 Phaedrae
1186 3791 1265 3830 saors
1282 3772 1392 3845 magica
1405 3770 1478 3826 bens

325 3860 479 3917 innotuisse
497 3862 633 3934 Diltlreyii
651 3863 813 3919 eoaienture
831 3863 896 3933 (Rh.
912 3863 982 3918 Mus.
999 3861 1076 3918 XXV
1094 3880 1122 3934 p.
1148 3865 1209 3928 itt)
1228 3863 1257 3917 in
1271 3862 1381 3933 pictura
1395 3859 1478 3915 Pom·

326 3950 428 4022 poiens
437 3951 531 4020 (Helb.
541 3951 592 4010 No.
605 3953 686 4022 litt)
697 3952 862 4023 Phaedrem,
879 3951 925 4009 eui
937 3952 1034 4009 nutrix
1047 3970 1081 4010 ex
1094 3952 1212 4008 adverso
1225 3956 1290 4022 stet,
1307 3949 1477 4008 nosoendem

325 4057 385 4097 esse
402 4041 432 4096 in
451 4041 555 4098 iemirsa
572 4042 686 4098 sedente
705 4043 835 4113 laqueum
853 4047 978 4115 gerente,
996 4041 1184 4098 instrumente
1201 4040 1312 4113 magiae
1325 4039 1354 4095 in
1367 4044 1476 4094 statun-

327 4129 437 4186 soleat
456 4131 592 4202 amphora
611 4131 671 4187 illie
688 4131 811 4203 depiete,
833 4132 910 4186 ultro
926 4131 1082 4203 probasset,
1103 4132 1128 4186 si
1146 4137 1224 4187 oerta
1242 4132 1322 4186 ossea
1358 4127 1477 4182 Errasse

325 4217 420 4274 virum
436 4217 561 4289 domum,
584 4235 647 4276 oum
668 4219 787 4276 altorem
811 4219 949 4290 pietursrn
972 4219 1003 4274 in
1021 4218 1151 4276 Palatino
1176 4223 1285 4274 erutam
1308 4214 1399 4271 eidem
1417 4230 1475 4269 ms·

325 4301 414 4363 terias
431 4307 589 4366 vindicaret
601 4309 631 4379 (l.
644 4308 684 4380 l),
701 4307 853 4365 novissima
870 4309 999 4379 picturae
1017 4307 1105 4364 editio
1115 4307 1191 4364 Mon.
1208 4305 1274 4364 dell'
1292 4305 1359 4362 lust.
1371 4302 1421 4373 xl,
1438 4304 1475 4357 2³

192 4391 204 4406 “
325 4394 422 4452 vineit.
