2982 5006
208 551 303 617 quam
323 529 426 597 Diana
445 528 561 602 crimen
584 527 784 596 manifestum
807 527 893 624 iacit.
938 528 1017 596 llum
1039 529 1154 608 eutem,
1188 528 1241 612 qui
1263 528 1352 596 deam

207 631 241 696 in
261 647 405 694 scaenam
427 646 488 693 non
508 627 699 710 produceret.
721 661 761 674 -
783 626 866 710 quod
884 627 1015 692 fortasse
1036 625 1198 709 Sophoclis
1224 630 1293 694 erat
1311 663 1354 676 -

209 726 374 797 consimile
406 728 454 795 est
479 725 654 794 Phaedram
682 725 782 811 ipsam
815 725 988 794 calumnias
1018 726 1212 811 detegentem
1236 727 1352 808 iecisse,

208 831 244 895 ut
264 829 379 895 &noca
405 829 495 894 decet
504 829 524 892 ¹.
568 826 658 908 Quod
679 827 877 910 Asclepiades
907 826 1033 893 minime
1061 827 1228 910 signifieat.
1273 829 1353 894 Utut

206 949 255 996 res
276 947 309 995 se
330 927 438 995 habet:
471 926 529 993 hoo
550 924 653 1009 ipsum
675 927 751 1004 eret,
785 943 846 1008 quo
876 926 1009 993 marimo
1030 925 1210 1010 tragoediae
1231 926 1353 994 diliere·

206 1031 292 1096 bant
335 1028 402 1095 Aut
423 1027 522 1111 igitur
542 1026 726 1110 compilator
748 1024 826 1092 illud
847 1016 1045 1110 ὁμολογοῦσι
1065 1025 1104 1092 ad
1127 1023 1223 1092 renum
1246 1018 1352 1112 ἀπόμ-

206 1130 328 1212 ξσσθαι
343 1127 610 1213 neglegentissime
623 1127 718 1194 reiert
733 1131 790 1193 aut
803 1128 843 1194 ad
863 1128 1022 1212 uulgarem
1046 1127 1148 1210 petius
1168 1126 1201 1192 in
1216 1128 1352 1216 chresto-

206 1230 333 1299 mathiis
349 1230 472 1298 tabulae
485 1230 627 1314 lerinam,
649 1231 757 1314 utpote
778 1247 857 1315 quae
880 1229 977 1296 altius
998 1229 1165 1295 effectuum
1186 1229 1349 1296 discrimen

205 1333 342 1414 omittet,
365 1330 500 1414 respicit
516 1365 554 1378 -
571 1331 679 1413 Neque
690 1330 793 1396 minue
814 1350 833 1396 a
855 1330 1017 1414 tragoedis
1031 1329 1167 1396 alionum
1190 1331 1246 1414 est,
1268 1331 1351 1415 qued

204 1433 303 1499 restat
328 1432 543 1498 ornamentum
574 1433 817 1497 commemoratu
844 1431 992 1516 dignum:
1028 1421 1274 1514 εὐλαβούμενος
1295 1433 1350 1510 (sc.

189 1524 349 1616 Ὄππιός)
378 1527 414 1596 δι’·
433 1533 594 1616 μητρυιᾶς
616 1524 794 1616 ἐπιβουλὴν
817 1529 942 1613 πέμπει
966 1525 1004 1612 ἐξ
1025 1519 1181 1616 Ἀθηνιόν
1201 1523 1260 1596 τόν
1281 1523 1352 1595 ιιλόν

199 1627 398 1697 Ἱππόλυτον
413 1629 610 1716 Τροιζηνίων
622 1618 741 1714 όρχειν.
763 1632 811 1698 An
831 1631 978 1698 credibile
999 1631 1151 1699 Theseum
1171 1633 1202 1697 in
1225 1652 1350 1699 uxorem

203 1731 403 1816 suspiciosum
427 1732 455 1798 ei
477 1734 584 1828 posteo
606 1731 704 1798 iiliuum
726 1731 826 1816 stupri
852 1733 1012 1798 occursanti
1039 1733 1106 1798 sine
1133 1733 1198 1801 ulla
1224 1733 1351 1800 dubita-

63 1889 69 1896 .
202 1833 288 1899 tione
308 1831 459 1897 conlisum
481 1851 555 1910 esse,
578 1833 614 1897 ut
636 1831 815 1915 tragoediae
838 1833 918 1898 rotie
934 1833 1097 1916 pertulisti
1129 1834 1178 1899 nd
1195 1853 1348 1901 sumnmm

202 1933 301 2016 igitur
322 1930 486 1998 didicimus
510 1932 592 1997 turno
612 1934 773 1997 centonem
796 1931 906 2015 pennis
928 1931 1064 2015 undique
1079 1933 1278 2016 neglegenter
1295 1931 1348 1999 ed·

202 2033 292 2149 sutis.
304 2032 421 2099 fartum
443 2031 483 2097 ed
506 2032 752 2116 qualemcunque
772 2032 966 2117 tragoediam
982 2033 1218 2100 instaurandam
1234 2032 1349 2098 nullius

201 2135 437 2296 pretn'loffim
457 2231 497 2296 ad
521 2231 692 2297 Diodorum
724 2232 795 2313 (IV,
817 2235 886 2313 62);
919 2233 973 2316 qui
1003 2234 1070 2299 sive
1100 2234 1165 2315 ipse
1194 2233 1349 2316 eissille,

13 2349 16 2360 ¹
75 2349 77 2352 ·
199 2350 291 2414 quem
323 2330 479 2405 describit.
511 2349 582 2395 curn
612 2330 717 2397 ornnie
751 2331 790 2397 sd
818 2332 965 2398 lictoriae
990 2331 1227 2397 similitudinem
1259 2351 1347 2398 rere·

198 2449 270 2496 care
294 2429 442 2506 studeret,
475 2430 621 2496 mirificas
650 2431 846 2498 unochinotus
868 2434 914 2497 est
936 2432 1104 2511 muclriues,
1135 2451 1215 2514 quae
1241 2434 1345 2498 tamen

55 2579 61 2588 .
199 2546 306 2595 omnes
335 2528 367 2594 in
395 2529 558 2596 meniiesta
591 2531 683 2597 unius
709 2531 891 2616 exemplaris
920 2531 1141 2617 depravatione
1162 2529 1344 2616 deprehendi

200 2633 336 2714 possunt
381 2630 510 2696 Initium
542 2632 730 2698 corrutionis
760 2634 919 2701 euidenter
951 2653 986 2701 er
1019 2633 1184 2718 lluripideo
1216 2633 1345 2717 prologo

197 2731 415 2814 depromptum
436 2732 498 2798 est:
532 2727 650 2813 μικρόν
670 2731 699 2798 δ’
722 2726 858 2817 ὕστερον
876 2727 1074 2799 Ἱππολύτου
1102 2727 1346 2811 ἐπανελθόντος
1369 2811 1372 2818 ¹

198 2825 247 2908 εἷς
272 2825 331 2908 τιὶς
357 2819 504 2917 Ἀθήνας
530 2826 616 2915 πρός
646 2828 688 2898 τὰ
713 2828 884 2922 μυστήρια,
920 2832 1043 2916 «relega
1073 2829 1128 2900 oeci
1157 2828 1196 2898 τό
1228 2833 1346 2912 κάλλος
1383 2881 1384 2885 ,

197 2929 381 3017 ἐρασθεῖσα
400 2921 500 2998 odaei
522 2929 598 3000 τότε
619 2931 679 3018 μὲν
699 2925 909 3014 ἀπελθόντος
930 2931 978 3014 εἷς
1003 2935 1164 3023 Τροιζῆνα
1189 2928 1344 3019 ἱδρύσατο

197 3025 288 3115 λερόν
307 3030 508 3120 Ἀφροδίτης
529 3029 619 3119 παρὰ
639 3029 698 3126 τὴν
718 3026 912 3121 ἀκρόπτολιν,
945 3031 1029 3104 ὅθεν
1049 3022 1089 3128 ἦν
1115 3038 1264 3122 καθορᾶν
1285 3031 1346 3120 τόν

202 3133 371 3221 Τροιζῆνα,
401 3129 541 3220 ι’ἶστιρον
562 3134 598 3202 δὲ
621 3137 712 3222 παρὰ
733 3137 780 3226 τῷ
800 3143 927 3205 Πιτθεῖ
948 3135 1031 3223 μετὰ
1050 3141 1109 3205 τοῦ
1133 3137 1268 3226 Θησέως
1289 3163 1345 3204 κα-

197 3233 363 3301 ταλύσασα
385 3226 475 3323 ἥξίσο
497 3229 555 3302 τόν
567 3231 765 3306 Ἱππόλυτον
777 3242 908 3327 μιγῆναι
922 3232 1016 3331 αότῄ.
1042 3242 1230 3309 Accuretius
1244 3242 1344 3326 igitur

196 3355 290 3421 quam
321 3336 520 3421 Asclepiades
550 3339 697 3408 describit
729 3342 836 3427 templi
868 3341 1103 3423 dedicationem,
1138 3343 1257 3427 plenius
1289 3343 1345 3410 dot

197 3436 355 3524 Euripidis
389 3457 418 3506 r.
441 3441 482 3507 24
503 3459 549 3526 sq.
577 3443 669 3512 cretea
700 3463 944 3519 cennmomorons
973 3443 1178 3530 Hippolytum
1204 3445 1344 3512 Athones

195 3539 236 3606 ad
263 3541 413 3626 mysteria
440 3542 568 3610 visenda
593 3545 765 3628 proiectum
798 3565 876 3622 osum
909 3545 1074 3612 manifesto
1105 3545 1237 3629 donique
1262 3546 1343 3613 idom

196 3640 385 3710 metationis
400 3661 580 3730 progressus
601 3647 679 3716 σοι’.
721 3647 826 3732 Atque
847 3647 923 3714 luceo
944 3647 1049 3714 omnia
1070 3646 1204 3714 marimo
1225 3665 1345 3732 preme;

195 3743 341 3830 namqui
362 3763 433 3812 cum
449 3745 612 3816 Whoelero
628 3748 662 3831 ll.
678 3749 699 3816 l.
722 3769 750 3834 p.
765 3746 821 3835 46)
841 3748 1034 3817 centendunt
1055 3748 1227 3817 Diodorum
1247 3748 1280 3815 in
1296 3747 1343 3815 his

296 4023 305 4058 ¹
325 4022 496 4081 commutati
513 4026 671 4099 argumenti
688 4030 791 4084 necere
808 4027 862 4085 hec
877 4027 982 4098 vinoit3
1005 4026 1136 4098 quocirca
1156 4042 1234 4095 cavo,
1252 4041 1287 4081 ue
1306 4024 1342 4080 eb

193 4107 299 4257 :1¹2on
285 4127 344 4167 ren
363 4109 511 4184 Sophoclis
533 4113 658 4172 iabulsm
683 4123 783 4189 poetae
801 4116 928 4174 Remene
950 4115 1024 4173 inter·
1045 4132 1144 4172 manue
1171 4113 1258 4171 luisse
1278 4129 1342 4170 cen·

294 4287 404 4347 ⁸Siout
419 4290 571 4365 Euripides
593 4297 630 4364 (v.
650 4297 696 4365 li)
717 4295 855 4353 Diodorus
879 4300 978 4353 murat
996 4295 1181 4370 Hippolytum
1201 4292 1342 4350 Troezene

193 4376 343 4435 sennenn
360 4395 428 4452 esee,
446 4383 496 4442 sad
508 4379 584 4456 παρὰ
595 4389 652 4447 τοῖς
664 4379 925 4460 Alepurddeipotn
945 4385 1026 4444 Unde
1038 4385 1091 4444 hee
1102 4383 1214 4456 λιιόσιιι,
1232 4382 1341 4458 ignore.
