2982 5006
168 887 174 895 ι
220 931 361 1073 Veneris¹
373 931 531 999 invocatio
558 932 739 1017 sequeretur
769 933 801 999 et
826 931 938 1000 chorus
971 933 1035 1001 vim
1064 935 1191 1002 Amoris
1219 935 1365 1005 laudibus

219 1033 481 1218 efferreltiippolyti
498 1130 602 1198 Velati
622 1132 795 1216 temporum
818 1133 939 1201 invidia
953 1133 1042 1202 nobis
1058 1137 1180 1220 ereptae
1193 1075 1361 1222 imaginem

216 1253 287 1302 cum
311 1232 385 1302 clim
408 1253 442 1300 er
463 1232 596 1302 Senecae
618 1232 770 1313 Phaedra,
805 1231 909 1301 Ouidii
941 1238 1054 1321 quarta
1080 1237 1224 1322 epistula,
1258 1257 1363 1306 sarco·

215 1335 336 1420 pbagis,
358 1334 604 1419 fragmentorum
620 1333 752 1419 denique
766 1337 959 1402 servatorum
975 1337 1086 1404 laceris
1100 1337 1253 1419 frustulis,
1274 1340 1361 1406 testi-
1451 1359 1456 1370 ·

214 1435 329 1502 moniis
359 1434 407 1501 inis
439 1436 549 1501 mutua
571 1435 736 1502 concordie
767 1455 800 1503 se
822 1436 1078 1504 confirmantibus
1109 1438 1303 1524 invicemque
1328 1458 1362 1506 se

16 1524 21 1538 “
142 1522 143 1526 ’
212 1534 373 1602 tuentibus
394 1534 606 1620 redintegrare
627 1536 757 1602 conatus
777 1554 883 1620 essem
914 1537 966 1604 via
987 1537 1264 1606 aWilamouitnic
1286 1538 1323 1620 (l.
1338 1537 1359 1607 l.

211 1655 241 1720 p.
256 1637 317 1702 154
337 1636 376 1702 ci.
389 1656 418 1720 p
431 1635 507 1718 209)
527 1635 662 1702 breviter
683 1636 832 1716 indicata,
866 1638 945 1704 Leo⁸
969 1637 1092 1703 interim
1107 1637 1359 1721 circumspectius

212 1735 273 1802 toti
293 1736 370 1806 nuic
387 1733 563 1820 quaestioni
596 1734 687 1800 firma
720 1734 922 1802 fundamenta
948 1736 1131 1814 substruxit,
1165 1737 1202 1801 ut
1233 1755 1300 1802 earn
1322 1756 1358 1802 ex

105 1839 118 1861 ⁸
209 1835 408 1903 incunabulis
429 1835 529 1902 denuo
552 1835 932 1920 repeteresupersedeam,
960 1857 999 1904 nc
1023 1839 1095 1905 acta
1122 1856 1214 1921 agere
1240 1837 1356 1904 videar.

210 1937 292 2004 Usus
316 1936 399 2003 enirn
425 1936 474 2020 iis,
510 1955 590 2020 quae
616 1935 764 2012 indicaui,
794 1936 941 2004 subsidiis
973 1937 1124 2005 nonnulla
1150 1939 1255 2024 capita
1282 1957 1356 2006 con·

207 2037 303 2104 clusit
331 2037 369 2105 de
397 2037 520 2105 iabnlae
548 2037 744 2118 oeconomia,
778 2037 810 2106 id
843 2039 1015 2107 rectissime
1046 2039 1136 2107 firmo
1169 2041 1355 2125 argumento
1433 2088 1439 2094 -

208 2138 294 2203 nisus
315 2138 477 2205 affirmans
498 2157 527 2221 p.
543 2139 616 2203 lio:
639 2139 808 2204 verisimile
829 2158 903 2223 esse,
926 2140 952 2204 ci
975 2139 1091 2208 Seneca
1112 2143 1268 2224 congruat
1283 2159 1355 2207 curn

206 2237 320 2305 Ouidio
334 2239 366 2305 in
381 2238 431 2322 iis,
452 2257 533 2324 quiae
551 2237 591 2305 ad
603 2237 763 2306 Phaedrae
787 2258 886 2308 mones
907 2241 1000 2307 aliter
1021 2260 1114 2325 quam
1137 2241 1169 2306 in
1182 2240 1354 2326 Hippolyto

208 2339 364 2406 &conato
381 2339 532 2406 formatos
552 2342 701 2423 spectent,
724 2359 785 2406 non
807 2341 872 2406 tam
887 2341 992 2407 Ovidii
1015 2342 1180 2425 epistulam
1202 2340 1353 2408 aSeneca
1460 2413 1465 2420 ,

204 2460 378 2526 expressam
395 2461 469 2526 esse,
489 2461 583 2526 qnam
601 2445 767 2526 utrumque
781 2442 820 2508 ad
838 2460 1030 2508 communem
1047 2441 1165 2508 iontem
1180 2441 1351 2508 acmcsisse.

207 2539 353 2609 Ouidium
377 2541 502 2626 quidem
525 2544 646 2626 praeter
667 2543 813 2610 Velatum
836 2542 1015 2610 Coroniiero
1043 2561 1132 2608 usum
1163 2560 1237 2626 esee,
1269 2540 1351 2626 quod

204 2663 259 2727 per
272 2663 305 2710 se
318 2645 485 2711 admodum
502 2646 661 2730 probabile
682 2647 738 2726 est,
763 2645 835 2711 Birt
849 2645 922 2722 (Rh.
934 2645 1013 2711 Mus.
1024 2643 1151 2710 XXXII
1175 2663 1204 2727 p.
1217 2643 1350 2725 ooesq.)

203 2744 395 2828 probabilius
416 2745 551 2813 reddidit
572 2745 812 2814 demonstrando
834 2747 956 2830 poetam
980 2745 1156 2812 Romanum
1184 2743 1350 2811 nonnullos
1453 2757 1461 2765 “

201 2847 345 2914 servatae
365 2847 490 2916 tabulae
515 2849 599 2917 locos
619 2849 660 2916 ad
683 2848 811 2916 verbum
833 2848 1047 2933 expressisse&
1078 2865 1257 2933 quanquam
1287 2865 1349 2913 non

302 3101 312 3136 ¹
332 3100 387 3171 Qui
405 3119 502 3158 versus
520 3103 582 3158 ms.
599 3105 635 3159 96
654 3108 684 3159 et
701 3105 755 3159 600
777 3103 806 3159 in
824 3103 1009 3174 suspicionem
1029 3108 1139 3173 vocant,
1159 3106 1286 3170 caveum,
1313 3118 1349 3157 ne
1376 3095 1389 3104 ”

201 3189 394 3260 praeiudicata
412 3191 544 3260 opinione
562 3197 661 3268 pcetac
681 3192 941 3248 verbemetientnr.
969 3192 1041 3248 Nam
1053 3192 1192 3247 nutricem
1203 3191 1348 3246 Phaedrae
1412 3211 1414 3214 ·

201 3279 359 3335 constantia
377 3296 548 3352 magnopere
566 3279 667 3336 instem
692 3280 817 3337 incidere
840 3281 870 3336 in
892 3281 1123 3338 contumeliosam
1149 3279 1348 3350 loquacitatem
1424 3277 1427 3282 ’

199 3373 231 3424 et
247 3368 320 3423 irato
337 3373 448 3425 tumore
468 3369 591 3440 priorem
604 3369 751 3438 rationem,
770 3388 826 3440 qua
839 3371 868 3425 in
880 3372 973 3443 prima
984 3369 1095 3426 bonesti
1108 3369 1347 3426 commendatione

199 3455 313 3512 foedum
335 3475 459 3513 amorem
476 3458 580 3528 posuit,
610 3457 787 3514 abdicantem
811 3459 868 3514 iam
893 3459 1044 3515 concedere
1069 3464 1152 3528 turpe
1176 3474 1244 3520 csse,
1271 3457 1347 3527 quod

198 3544 324 3614 suadeat,
351 3545 399 3600 sed
423 3545 522 3600 utilius
545 3563 630 3615 quam
651 3545 809 3616 hcnmtnm,
837 3546 905 3617 qnid
928 3547 958 3601 in
980 3563 1013 3602 ec
1039 3546 1143 3600 mirum
1160 3551 1211 3600 sut
1228 3550 1347 3601 nstnrae

70 3691 73 3698 ,
198 3633 379 3704 mpngnansl
414 3633 518 3690 Verum
544 3638 587 3689 est
608 3634 700 3690 lenam
724 3653 750 3691 v.
768 3636 822 3690 suc
845 3651 977 3706 spurcum
1002 3634 1206 3704 quodammodo
1225 3635 1347 3691 colorem

198 3722 295 3777 verbis
312 3722 453 3792 inducere,
480 3723 529 3781 sed
548 3723 637 3779 nostri
654 3723 748 3794 potius
766 3741 861 3780 sensns
880 3727 923 3780 est
941 3723 971 3778 in
989 3723 1093 3778 talibus
1116 3722 1229 3779 offendi.
1266 3722 1347 3778 Glciil

64 3855 70 3864 .
199 3810 289 3882 igitur
306 3811 337 3879 (l.
355 3812 375 3868 l.
392 3829 421 3884 p.
434 3813 469 3867 ec
487 3829 528 3883 sq.
547 3814 582 3868 ti
599 3815 649 3883 sq.)
668 3813 720 3868 hos
738 3830 834 3868 versus
852 3814 889 3868 sb
908 3813 1094 3884 interpretum
1114 3811 1346 3882 temptationibus

198 3899 350 3970 prohibens
368 3900 587 3972 adstipulsntem
604 3919 649 3958 mc
667 3907 766 3958 nactus
784 3907 835 3958 est.

298 3988 360 4046 'lc
376 3990 487 4044 Annaei
505 3989 624 4046 Senecam
643 3991 806 4063 tragoediae
825 3990 836 4043 l
858 4007 883 4062 p.
908 3989 958 4044 173
976 4007 1018 4060 sq.

268 4117 270 4120 .
297 4075 452 4133 ⁸nimium
468 4077 582 4149 quidem
599 4079 664 4136 Birt
685 4080 788 4136 tribuit
813 4079 889 4149 lruic,
916 4094 988 4149 quae
1015 4076 1165 4134 intercedit
1190 4077 1265 4134 inter
1289 4077 1347 4148 epi·

197 4163 302 4219 atulam
329 4163 474 4221 heroidum
496 4172 525 4224 st
554 4167 748 4225 Coroniierum
781 4167 946 4234 similitudo,
972 4185 1036 4224 cum
1065 4166 1139 4222 iusto
1167 4164 1364 4222 artificiosius
1451 4165 1453 4170 ’

197 4268 295 4308 ansam
312 4269 348 4308 ex
370 4253 423 4309 lnac
449 4256 569 4312 extricet
591 4257 628 4312 ed
651 4257 840 4328 comperanda
858 4256 957 4312 Graeci
979 4260 1079 4327 poetae
1102 4253 1188 4310 verba
1212 4270 1278 4310 curn
1299 4255 1345 4309 dc·

133 4387 139 4396 .
196 4341 350 4412 scriptione
378 4340 531 4400 Ouidianac
558 4344 676 4416 puellae.
723 4345 874 4402 Contendit
905 4345 979 4401 enirn
1007 4363 1035 4416 p.
1056 4343 1108 4398 ooo
1140 4347 1262 4414 poetam,
1296 4342 1345 4414 qni

196 4427 357 4486 anedram
379 4431 548 4488 scribentem
572 4431 675 4506 lingat:
705 4429 764 4492 'ubi
792 4452 866 4492 nnnc
895 4431 985 4490 fastus
1003 4432 1118 4502 altaque
1138 4431 1226 4488 rerba
1243 4425 1343 4488 iacent¹

196 4516 261 4588 (Or.
286 4521 358 4590 uto),
388 4519 488 4594 legisse
516 4535 612 4579 versus
638 4521 783 4594 Euripidis
814 4524 866 4580 406
889 4541 940 4596 ιφ,
969 4521 1102 4594 quoniam
1134 4519 1166 4577 in
1196 4521 1257 4593 ipsa
1286 4519 1343 4590 epi·

196 4607 273 4665 stnln
300 4626 392 4682 neque
420 4609 524 4669 tastum
550 4611 789 4685 deprehendamus
813 4631 904 4685 neque
931 4613 990 4669 alta
1012 4609 1107 4668 verba.
1143 4609 1231 4667 Immo
1253 4611 1287 4665 ut
1313 4608 1343 4664 in

198 4694 294 4754 Ovidii
312 4699 406 4757 verbis
424 4719 533 4759 merum
550 4707 746 4758 ornamentum
772 4704 909 4759 eroticnm
936 4714 1125 4774 agnoscamus,
1153 4697 1252 4752 suadet
1278 4713 1343 4751 con·

196 4789 276 4844 stans
289 4786 482 4848 tabulatorum
494 4791 537 4849 rei
549 4790 705 4850 amatoriae
716 4807 791 4861 usus,
808 4790 857 4862 qui
873 4791 997 4847 turonem
1014 4799 1103 4859 paene
1116 4782 1264 4839 exitiosum
1276 4781 1342 4840 inde
